2820 5572
297 896 327 948 ''=,

348 1068 724 1159 luraonucrlo.

154 1331 195 1376 nn
217 1329 390 1377 EPISTOLAE
414 1325 631 1390 incuuarre,
656 1323 920 1388 massmannus,

420 1444 655 1494 tuscan’rlonn,

466 1724 622 1749 <200—

134 1959 192 2060 ΔΙ)
217 1995 309 2073 ipsius
332 1990 468 2070 opusculi
494 1996 671 2066 argumento
694 1989 834 2049 exordior
841 2013 851 2068 ;
871 2008 932 2068 qua
948 1991 982 2050 in
998 2011 1034 2051 rs

56 2119 167 2166 marran
186 2113 239 2165 aut
257 2105 384 2162 scusiszn
401 2099 575 2178 exemplum
592 2098 662 2158 idco
677 2119 740 2158 non
756 2118 824 2158 sum
840 2107 975 2177 secutus,
996 2121 1035 2159 ne
1065 2111 1068 2119 ’

57 2218 118 2276 iam
142 2235 225 2274 nunc
249 2211 425 2272 inciderem¹
439 2211 473 2270 in
495 2210 628 2268 minores
648 2228 697 2270 ees
722 2209 943 2286 distinctiones,
963 2232 1037 2290 quas

55 2325 130 2385 dein
145 2324 252 2385 ordine
268 2323 363 2400 magis
379 2320 493 2380 referre
507 2319 675 2400 cupiebam.

99 2545 136 2604 tl.
155 2564 250 2605 c1cmo
267 2543 387 2622 petebat
403 2543 613 2618 Consulatum,
633 2559 785 2602 summum
799 2543 911 2603 Romae
928 2545 1039 2622 magis—

59 2663 188 2731 tratum,
208 2673 270 2731 quo
282 2651 372 2729 pauci
388 2658 520 2722 tantum,
539 2651 594 2725 qui
607 2648 781 2708 Praeturam
798 2661 964 2728 gesserant,
986 2653 1041 2713 ad-

58 2764 250 2826 scenderunt.
277 2759 407 2836 Insignis
422 2757 516 2835 igitur
532 2755 705 2817 adhibenda
719 2767 783 2818 erat
795 2759 1041 2840 ebunoquoque,

59 2876 114 2937 sed
136 2871 311 2954 praesertim
332 2869 465 2947 abipso,
485 2867 609 2926 homine
625 2886 720 2944 novo,
741 2867 916 2947 diligentia,
936 2873 1042 2951 ingens

61 2986 214 3059 studium,
242 2990 278 3041 ut
304 2980 337 3039 id
357 2979 440 3058 quod
462 2979 519 3038 sibi
534 2980 720 3058 propositum
736 2979 882 3058 habebat,
903 3001 1042 3062 asseque-

61 3103 155 3156 retur.
196 3092 268 3170 Ejus
292 3090 385 3150 frater
408 3110 538 3165 centres,
566 3091 621 3168 qui
645 3098 676 3148 ct
699 3109 801 3150 amore
827 3091 960 3152 fraterno
982 3095 1042 3154 du-

62 3214 143 3281 ctus,
163 3211 194 3263 et
211 3201 306 3281 gentis
321 3200 412 3259 decus
424 3199 622 3279 promovendi
634 3200 778 3279 cupidine
793 3202 946 3280 incitatus,
960 3227 1043 3265 sum-

63 3335 186 3396 mopere
210 3313 294 3372 hune
318 3310 405 3370 fratri
427 3310 574 3370 honorem
598 3310 843 3387 concupiscebat,
863 3313 963 3393 deque
980 3316 1045 3376 eius

63 3426 238 3500 conamine,
264 3422 442 3501 peranxius,
469 3420 533 3480 dies
558 3440 592 3479 ac
618 3428 719 3480 noctes
737 3423 902 3500 cogitabat,
923 3427 1045 3486 tandem

67 3557 134 3598 suas
150 3534 413 3596 commentationes
429 3533 539 3611 scripto
551 3531 706 3592 mandavit
723 3541 753 3591 et
768 3532 855 3592 fratri
871 3534 966 3613 misit,
985 3557 1047 3597 non

69 3647 153 3728 quod
178 3663 290 3706 mucor
311 3644 388 3704 haec
409 3644 472 3722 ipsa
498 3662 559 3702 non
577 3642 819 3704 animadvertisse
834 3644 975 3724 rebatur,
996 3648 1048 3708 scd

68 3759 110 3818 de
135 3755 292 3816 commodo
316 3773 488 3834 persuasam,
516 3753 600 3833 quod
621 3754 655 3813 in
679 3773 714 3814 re
739 3761 801 3814 tam
824 3755 940 3818 infinita
963 3758 1048 3818 daret

27 3908 32 3915 -
68 3875 208 3929 accurata
233 3866 418 3928 diversorum
442 3873 503 3924 tam
520 3864 721 3926 subsidiorum
739 3884 831 3943 quam
848 3867 1050 3946 impedimen-

71 3988 171 4039 torum
197 3976 371 4056 descriptio,
401 3995 480 4054 quae
503 3976 621 4053 singula
643 3997 696 4037 suo
714 3975 820 4036 ordine
837 3986 867 4036 et
883 3979 950 4038 loco
967 3999 1051 4039 com-

73 4096 258 4149 memoraret.

900 4201 914 4258 l
