2836 5588
682 466 720 524 20

215 672 292 731 iacta
319 680 407 749 atquc
435 669 514 728 dicta
540 671 646 728 nostris
671 672 759 729 robus
786 673 872 729 istinc
898 673 1115 751 respondeant,
1140 695 1197 754 cgo

215 805 264 844 mc
288 784 377 843 tantis
400 782 474 841 meis
494 781 663 857 laboribus,
684 781 834 860 tantisque
852 783 993 861 perieulis
1009 804 1143 862 quorum
1160 794 1212 845 tu·

215 896 349 954 omnium
367 892 513 972 particeps
529 892 626 968 luisti,
647 893 725 950 nihil
742 901 934 952 consecutum
952 902 1064 973 putem.
1106 895 1195 970 Quod

214 1005 256 1080 si,
276 1011 311 1063 ut
330 1003 545 1082 amplissimum
561 1022 671 1062 nomen
688 1022 957 1081 consequeremur,
979 1025 1057 1064 unus
1073 1015 1196 1084 praeter

214 1123 327 1205 ceteros
353 1115 495 1195 adjuvisti
504 1118 522 1148 ''
548 1122 621 1173 cet:
648 1113 758 1191 quibus
775 1116 928 1192 postremis
953 1115 1052 1175 verbis
1079 1116 1140 1176 nisi
1158 1119 1193 1178 ad

214 1227 293 1286 hanc
315 1246 437 1306 quoque
454 1226 493 1285 de
511 1225 685 1286 Consulatus
701 1225 847 1304 petitione
863 1225 1017 1303 epistolam
1035 1228 1193 1307 respiciat,

147 1392 152 1410 ,
213 1336 313 1396 omnia
329 1357 379 1395 me
395 1335 514 1396 fallunt.

253 1447 291 1506 In
314 1447 418 1506 eadem
440 1447 563 1524 epistola
580 1449 775 1525 multarunt,
796 1469 873 1528 quae
891 1458 926 1509 ut
942 1469 1034 1514 ouran
1050 1450 1195 1530 epistolae

212 1559 305 1619 huius
331 1578 493 1618 memorem
518 1577 630 1617 macen
656 1566 819 1634 testantur,
847 1561 890 1620 sio
915 1582 982 1622 eam
1009 1563 1137 1641 abipso
1162 1585 1192 1625 ι.

213 1671 352 1750 scriptam
379 1691 441 1730 esse
465 1669 638 1749 opinionem
659 1669 829 1747 longissime
846 1672 1016 1749 repudient.
1057 1675 1094 1733 Ut
1109 1676 1193 1736 enim

213 1804 274 1842 non
299 1783 363 1842 sine
379 1782 472 1841 huius
488 1803 517 1846 o
535 1779 704 1869 scriptionis
719 1781 927 1843 recordatione
944 1783 1019 1843 dicit
1035 1782 1091 1866 (1):
1112 1810 1128 1843 ιι
1140 1787 1194 1846 sed

213 1915 287 1972 ego,
316 1893 467 1971 quicum
491 1900 542 1952 tua
565 1893 651 1970 lego,
675 1899 706 1951 te
727 1891 850 1967 audire,
871 1896 974 1972 etqui
990 1914 1087 1974 quum
1104 1895 1147 1957 ad
1164 1905 1193 1958 tc

212 2004 325 2080 scribo,
355 2012 457 2062 tecum
483 2003 567 2080 loqui
592 2003 714 2079 videor3
745 2003 859 2065 ideirco
885 2012 916 2065 et
941 2015 993 2081 tua
1018 2007 1191 2086 longissima

211 2135 332 2195 quaque
358 2114 482 2193 epistola
507 2113 637 2172 maxime
662 2111 813 2187 delector,
840 2122 870 2173 et
893 2116 1014 2192 ipse-in
1031 2117 1192 2180 scribendo

211 2248 277 2287 sum
304 2245 391 2304 saepe
414 2226 531 2302 longior
540 2227 569 2299 ,''
594 2223 677 2283 -sie
701 2231 763 2283 tota
788 2241 910 2303 quoque
935 2225 1027 2285 huius
1049 2229 1192 2307 epistolae

209 2339 305 2399 forma
330 2344 414 2395 notat
438 2356 469 2394 ιι.
496 2334 644 2410 studium,
676 2344 709 2393 ut
735 2327 902 2413 (luciducor
928 2357 1028 2401 curro
1045 2338 1192 2403 mitteret.

212 2449 277 2506 Ima
302 2447 400 2523 ipsum
425 2445 584 2523 utriusque
601 2444 743 2521 epistolae
760 2445 882 2504 initium
900 2447 945 2504 uti
963 2467 1045 2507 nunc
1061 2449 1147 2512 inter
1165 2472 1193 2513 se

122 2620 128 2629 ,
209 2557 367 2631 convenit,
393 2590 410 2599 -
435 2556 459 2614 si
487 2561 652 2633 utrumque
679 2555 717 2614 ab
743 2555 849 2614 eodem
873 2557 1041 2635 profectum
1068 2559 1193 2639 suisset,

212 2669 333 2729 differre
355 2665 516 2727 'debuisset
563 2664 663 2744 Atque
688 2671 785 2725 toturn
811 2665 933 2725 dicendi
959 2688 1053 2746 genus
1081 2667 1194 2733 disere·
1226 2696 1229 2707 ·

212 2790 280 2862 pat:
305 2800 424 2845 curren
446 2777 530 2838 vides
546 2776 700 2836 hominem
718 2795 797 2852 esse,
818 2777 872 2856 qui
887 2777 1000 2855 logicae
1016 2779 1114 2855 operis
1134 2780 1195 2843 dis·

212 2893 371 2953 tributioni
395 2887 512 2962 studet,
539 2885 577 2944 ab
600 2905 696 2964 eaque
718 2895 753 2944 ut
774 2906 814 2945 ne
837 2887 936 2948 hilum
959 2887 1083 2968 quidem
1106 2892 1193 2954 aher·

213 3012 311 3077 raret,
337 3001 371 3059 in
396 2998 492 3058 varias
513 3004 612 3075 partes
634 2995 742 3056 scindit
761 2996 895 3074 singula3
917 2999 950 3056 in
966 3000 1091 3078 singulis
1106 3001 1193 3065 hisce

212 3133 315 3175 rursus
339 3109 512 3187 distinguit,
537 3108 627 3186 plane
650 3115 684 3165 ut
704 3106 738 3163 in
759 3104 790 3167 L.
809 3107 833 3166 1.
852 3108 887 3165 de
904 3110 1072 3169 invectim
1089 3111 1191 3175 rheto-

211 3225 306 3284 ricam
333 3222 443 3282 docens
468 3240 498 3278 ιι.
509 3265 518 3294 ,
544 3218 598 3277 sed
618 3216 765 3277 concisius
786 3217 876 3276 etiam
894 3237 928 3276 ac
945 3219 1082 3279 brevius:
1105 3223 1192 3285 vides

211 3355 298 3410 cum,
324 3333 379 3412 qui
404 3330 463 3390 nisi
484 3329 652 3410 perfeetum
673 3326 830 3408 praeberet
846 3328 999 3407 petitionis
1015 3335 1192 3412 exemplum

213 3466 275 3507 non
302 3444 469 3525 quieverit,
496 3450 527 3501 et
546 3441 682 3519 quamvis
705 3442 787 3500 omni
803 3441 919 3500 ratione
936 3460 954 3500 a
971 3443 1104 3520 magistri
1122 3466 1189 3526 per-

212 3579 282 3620 sona
293 3557 462 3629 abhorreat,
476 3553 678 3630 magisterium
690 3560 791 3611 tamen
803 3560 892 3629 atque
903 3552 1092 3631 disciplinam
1099 3575 1189 3617 num·

211 3689 302 3748 quam
328 3666 448 3726 omittit.
487 3664 524 3722 Ut
548 3663 624 3722 haec
649 3663 790 3742 probem,
819 3662 883 3739 ipsa
907 3663 999 3722 verba
1020 3664 1187 3743 proferam:

213 3779 299 3836 initio
318 3778 375 3836 ait:
398 3794 483 3835 onon
501 3784 536 3836 ut
553 3773 667 3852 aliquid
686 3793 722 3831 cx
742 3772 777 3830 iis
794 3772 864 3830 novi
880 3771 1063 3846 addisceres,
1084 3776 1139 3836 sed
1158 3786 1190 3838 ut
