2836 5588
676 433 715 494 22

210 639 371 702 discordias
392 655 464 698 cum
483 655 576 697 uxore
593 636 744 713 mitteret,
765 656 892 717 earnque
909 646 1022 699 amaret
1036 640 1192 719 jusserat?

210 753 359 812 Nimirum
384 751 462 810 bene
483 756 654 826 teneamus,
675 749 773 828 ipsum
790 771 819 809 ιι.
837 749 894 808 sibi
910 751 1063 810 conscium
1080 751 1192 829 fuisse,

210 864 311 924 minus
333 860 500 940 prudenter
521 880 553 919 se
578 860 611 918 in
636 859 694 920 hoc
715 859 906 921 matrimonio
929 861 1100 940 copulando
1116 864 1192 942 egis-

212 995 258 1054 se3
284 974 404 1054 itaque,
430 972 455 1031 si
482 971 519 1032 ab
545 991 607 1032 uua
632 979 717 1050 parte
743 971 831 1032 illum
853 982 1004 1050 moneret,
1024 974 1062 1034 ab
1080 974 1192 1053 altera,

212 1085 307 1146 multa
335 1085 365 1144 ei
390 1082 588 1158 condonasse,
615 1091 650 1142 ut
674 1102 744 1143 eum
762 1083 856 1162 magis
872 1084 929 1146 sibi
945 1084 1132 1162 devinciret,
1154 1095 1194 1148 at·

213 1217 274 1278 que
292 1196 408 1275 saepius
425 1195 489 1255 eius
503 1194 626 1254 consilia
643 1194 808 1270 invocasse,
828 1203 864 1253 ut
881 1195 1086 1256 inconsultum
1105 1216 1193 1258 suum
1233 1262 1235 1287 ÷

212 1307 305 1387 ipsius
324 1306 439 1366 factum
457 1313 580 1383 tegeret.
622 1305 656 1379 Q.
674 1313 775 1365 autem
793 1304 872 1365 hane
888 1304 1012 1366 fratrem
1027 1307 1193 1368 adiuvandi

215 1426 246 1478 et
269 1416 445 1477 auctoritate
468 1435 522 1475 sua
544 1414 652 1475 utendi
676 1417 860 1477 occasionem
877 1437 939 1477 non
955 1419 1070 1478 omisit:
1092 1420 1195 1500 itaque

213 1549 244 1588 ιι.
265 1536 332 1588 tum
356 1532 488 1588 asenam
513 1534 578 1586 erat
598 1525 681 1586 hisce
702 1527 768 1587 eius
784 1527 922 1604 monitis,
942 1535 1009 1589 tum
1025 1547 1098 1589 vero
1114 1549 1195 1610 mag-

215 1639 249 1697 ni
266 1657 301 1698 ea
316 1637 446 1697 faciebat
454 1683 463 1713 ,
484 1644 519 1696 ut
536 1636 653 1717 saepius
670 1645 813 1698 testatur:
830 1638 923 1699 libros
940 1661 969 1701 v.
985 1661 1014 1719 g.
1032 1642 1067 1700 de
1085 1654 1196 1703 oratore

213 1767 312 1813 ormro
338 1747 519 1822 inscribens,
546 1747 664 1826 inquit:
693 1768 788 1808 snam
804 1769 905 1830 neque
923 1751 1100 1812 auctoritate
1114 1753 1197 1832 quis·

213 1880 306 1938 quam
329 1859 410 1938 apud
432 1879 483 1918 me
504 1859 573 1937 plus
590 1859 691 1920 valere
707 1868 738 1919 te
754 1868 851 1938 potest
859 1907 868 1938 ,
888 1881 989 1943 neque
1006 1864 1165 1924 voluntate
1170 1868 1196 1944 3³²

214 1969 291 2050 quid
314 1970 427 2029 mirum
449 1969 562 2047 igitur,
583 1972 608 2028 si
631 1971 688 2030 hac
711 1973 937 2050 opportunitate
954 1994 1024 2033 usus
1040 1975 1140 2036 fuerit
1156 1997 1195 2054 a,

215 2090 251 2142 ut
278 2082 316 2143 ad
342 2101 412 2142 eum
438 2080 477 2140 de
504 2081 617 2160 optima
642 2081 767 2157 petendi
792 2082 909 2143 ratione
931 2085 1093 2162 scriberet,
1113 2088 1197 2149 cuius

215 2212 324 2271 magna
349 2210 417 2271 pars
433 2190 467 2250 in
483 2189 623 2269 parandis
640 2210 675 2250 ac
691 2190 857 2250 retinendis
873 2193 1014 2254 amicitiis
1027 2199 1194 2278 constabat,

215 2303 277 2363 imo
307 2309 373 2380 post
400 2321 485 2359 mor
510 2301 702 2361 Consulatum
729 2301 892 2362 sexcenties
917 2305 989 2366 talia
1014 2327 1139 2371 enntrmr
1164 2309 1198 2372 ad

214 2414 338 2474 fratrem
354 2409 520 2488 scripsisse,
541 2410 605 2488 ipse
623 2432 652 2470 ιι.
672 2412 753 2471 testis
769 2419 812 2470 est
828 2410 882 2493 (l).

254 2520 385 2581 Tandem
416 2519 473 2598 ipsi
504 2518 543 2578 de
569 2520 714 2597 petitione
742 2520 917 2583 Consulatus
943 2525 1085 2604 epistolae
1110 2529 1200 2608 plura

215 2632 294 2692 mihi
320 2632 465 2692 videntur
486 2630 582 2690 inesse
604 2639 800 2710 argumenta,
821 2653 900 2712 qnae
916 2644 983 2696 turn
1001 2660 1114 2700 nasoon
1133 2661 1200 2704 auc·

216 2751 313 2805 torem
344 2742 521 2821 repudient,
538 2724 620 2802 'tum
646 2763 745 2805 evrvro
772 2743 935 2806 vindicent.
986 2747 1201 2830 Praeterquam

142 2890 145 2900 .
217 2856 301 2917 enim
327 2854 410 2934 quod
436 2854 478 2912 ita
505 2851 544 2909 de
567 2871 596 2909 ιι.
621 2851 776 2929 loquitur,
801 2862 837 2913 ut
857 2856 909 2916 hic
926 2855 989 2936 ipse
1006 2859 1079 2919 talia
1096 2860 1139 2921 de
1158 2884 1199 2941 se,

217 2988 257 3027 ne
274 2987 311 3025 ex
325 2984 419 3027 emvrr
435 2960 560 3040 quidem
578 2980 718 3040 persona,
737 2965 923 3041 protulisset,
943 2966 1011 3028 init.
1029 2990 1058 3030 v.
1072 2991 1101 3049 g.
1121 2997 1138 3030 n
1149 2973 1200 3035 atsi

216 3076 273 3135 tihi
298 3072 399 3134 omnia
423 3080 586 3151 suppetunt
609 3092 686 3152 quae
704 3075 848 3155 consequi
865 3076 989 3155 ingenio
1007 3088 1058 3140 aut
1073 3100 1132 3142 usu
1151 3084 1200 3146 ho

218 3187 315 3246 mines
340 3192 393 3244 aut
419 3179 578 3261 diligentia
600 3189 759 3264 possunt;''
781 3195 811 3246 et
829 3187 902 3249 dein
919 3188 981 3271 (2):
1003 3210 1089 3251 »non
1104 3203 1201 3271 potest

218 3299 272 3377 qui
298 3297 406 3376 dignus
423 3297 552 3357 hahetur
567 3305 710 3376 patronus
726 3296 950 3377 Consularium,
967 3300 1111 3381 indignus
1130 3306 1201 3367 Con-

220 3409 319 3470 sulatu
342 3408 443 3488 putari
449 3412 479 3486 ;''
501 3415 558 3468 eet.
583 3444 600 3454 -
621 3408 686 3469 sine
709 3410 803 3472 dubio
825 3434 855 3471 ιι.
874 3411 907 3470 in
924 3433 1044 3478 enrrrun
1060 3415 1120 3477 hoc
1139 3438 1201 3480 nse

220 3520 366 3600 scriptum
392 3538 467 3597 opus
491 3517 663 3595 conferens,
688 3541 749 3580 non
772 3521 949 3584 addidisset:
977 3533 1104 3586 »tamen
1122 3531 1200 3591 tusi

220 3632 296 3711 quid
319 3629 500 3690 mutandum
526 3649 588 3690 esse
614 3631 766 3693 videbitur
793 3642 845 3695 aut
871 3635 994 3698 omnino
1017 3637 1200 3719 tollendum,

222 3750 274 3802 aut
290 3741 315 3800 si
332 3740 408 3820 qnid
424 3740 482 3800 erit
499 3741 695 3821 praeteritum
703 3791 713 3822 ,
734 3745 826 3806 velim
842 3746 901 3808 hoe
918 3749 996 3810 milri
1012 3750 1124 3813 dicas.”

260 4005 300 4072 (1)
321 4003 374 4071 ep.
396 4001 431 4052 aa
453 4002 543 4064 ouant.
566 4001 600 4052 11.
622 4003 664 4054 ιι.
685 4001 718 4066 s,
745 4003 1203 4075 1e.1.n1.1.s‚12‚s.5.0a.

225 4089 267 4159 (a)
287 4090 327 4139 ne
341 4089 397 4138 ra.
416 4087 431 4152 o
447 4085 472 4136 a.
875 4106 880 4113 ·
1233 4076 1235 4139 t
