2836 5588
687 444 727 506 ot

216 653 345 713 diversas
361 650 455 712 nibus
472 649 700 725 distribuerent,
721 651 809 709 certis
826 648 997 709 bominibus
1015 650 1196 728 utebantur,

212 765 266 842 qui
286 762 450 840 unicuique
468 760 563 819 tribui
584 761 722 836 aderant,
742 769 773 820 et
788 759 983 843 divisores(l)
998 761 1194 822 dicebantur:

210 873 340 952 populus
356 872 438 932 enim
456 872 571 950 saepius
589 871 668 933 dona
687 873 736 931 vel
751 872 789 932 ab
804 871 1036 951 Imperatoribus
1052 872 1091 932 ab
1106 893 1194 952 expe-

209 981 323 1043 ditione
348 983 560 1059 redeuntibus,
588 983 637 1042 vel
660 984 698 1042 ab
715 983 781 1043 aliis
799 984 963 1063 accipiebat
979 981 1038 1064 (2),
1060 1003 1142 1062 quae
1161 993 1194 1044 ut

209 1103 291 1153 recte
307 1101 338 1152 et
355 1094 474 1172 aequali
491 1100 575 1171 parte
592 1092 850 1173 dispergerentur,
870 1095 907 1153 iis
923 1094 1097 1154 hominibus
1117 1094 1193 1154 divi-

209 1203 310 1276 denda
327 1203 521 1264 tradebantur
535 1201 589 1285 (3)
629 1204 666 1262 lli
683 1212 783 1264 autem
798 1205 938 1264 -homines
954 1203 1195 1265 sordidissimum

209 1313 408 1374 reddiderunt
425 1314 504 1374 illud
520 1334 646 1391 munus,
667 1315 814 1374 mnbitum
832 1324 862 1374 et
878 1315 1067 1393 largitionem
1083 1335 1194 1394 propa-

208 1423 322 1503 gando,
335 1429 338 1436 '
352 1442 424 1482 nam
449 1425 660 1484 convenientes
688 1445 759 1485 cum
786 1427 1001 1505 sequestribus,
1029 1427 1195 1506 pecuniam

211 1543 362 1613 acceptum
384 1534 464 1593 inter
480 1533 611 1612 singulas
628 1533 690 1617 (vel
708 1536 851 1615 quasdam
867 1535 929 1619 (4))
956 1537 1053 1598 trihus
1069 1558 1105 1598 ea
1121 1558 1196 1598 oon·

211 1646 326 1706 ditione
338 1645 570 1722 distribuebant,
584 1656 618 1707 ut
630 1647 770 1726 suffragia
780 1650 950 1728 corruptori
960 1650 1129 1710 tribuerent
1138 1647 1195 1731 (5).

210 1757 308 1835 Igitur
322 1776 419 1835 quum
433 1765 463 1816 et
481 1757 555 1817 olim
572 1759 606 1816 in
625 1759 735 1819 Senatu
752 1758 845 1818 fuerit
861 1761 1068 1836 constitutum,
1085 1780 1198 1821 curcur

212 1874 243 1926 et
264 1887 379 1927 nonme
405 1868 638 1945 postulantibus,
666 1877 700 1928 ut
725 1869 806 1948 apud
833 1872 1020 1949 magistratus
1036 1871 1197 1949 inquirere

210 1977 329 2052 liceret,
348 1996 424 2035 num
442 1976 524 2036 domi
539 1979 686 2039 haberent
701 1979 856 2057 divisores,
870 1988 901 2041 et
916 1989 963 2059 ut,
976 1981 1030 2060 qui
1044 1980 1131 2040 domi
1144 2001 1195 2042 eos

209 2087 373 2164 haberent,
403 2087 543 2148 adversus
576 2088 680 2166 Remp.
709 2108 798 2166 agere
826 2091 1004 2151 viderentur
1029 2089 1090 2173 (6),
1121 2091 1195 2178 dein

212 2201 365 2280 apparuit,
395 2219 458 2259 non
484 2199 542 2258 nisi
567 2200 712 2278 singulari
729 2201 762 2258 iu
777 2200 854 2278 ipsos
871 2199 1015 2259 divisores
1032 2201 1195 2262 constituta

211 2331 323 2391 poena,
352 2309 417 2369 ullo
444 2308 534 2369 modo
560 2309 760 2387 largitionem.
774 2311 949 2370 exstinetam
969 2310 1035 2370 fore
1052 2309 1114 2392 (7),
1141 2312 1195 2372 sed

210 2422 300 2481 altius
317 2421 378 2477 iam
396 2419 511 2478 malum
527 2427 685 2495 serpserat,
705 2421 896 2497 populusque
913 2422 952 2479 ab
966 2422 1003 2480 iis
1019 2421 1196 2482 hominibus

210 2531 368 2605 incitatus,
390 2528 548 2588 Consulem
565 2548 680 2588 irsoum
697 2526 736 2586 de
752 2527 912 2606 largitione
928 2529 1029 2607 legem
1046 2531 1196 2593 ferentem

244 2750 285 2819 (1)
304 2750 342 2802 De
364 2748 556 2819 distinguendis
575 2747 619 2800 his
633 2767 647 2798 u
660 2749 840 2800 diribitoribas
853 2750 882 2798 in
899 2750 1024 2813 comitiis,
1040 2765 1105 2818 quoe
1120 2753 1197 2805 male

207 2836 344 2888 confundit
357 2836 451 2898 lirin,
470 2845 496 2886 et
509 2851 570 2885 eum
582 2834 696 2884 imitatus
706 2832 859 2897 Selium„
876 2844 971 2902 agunt,
990 2832 1021 2883 ab
1034 2850 1086 2884 une
1100 2845 1195 2903 parte,

207 2922 343 2991 explicatis
359 2919 466 2972 vocibus
480 2917 619 2981 diribitor,
638 2918 765 2981 dirihere,
785 2925 835 2967 eet.
855 2899 1020 2968 Wunder.
1040 2915 1106 2967 Ver.
1121 2919 1196 2972 Lect.

211 3005 271 3055 God.
286 3004 351 3068 Erf.
366 3018 392 3068 p.
406 3000 473 3062 126,
489 2994 668 3067 sqq.,‘eomm.
684 3000 720 3050 ad
732 2997 941 3065 Planc.p.1ll;
959 2997 1087 3063 abaltere,
1104 3016 1197 3054 eorum

207 3103 302 3139 munus
315 3081 484 3143 describendo
499 3082 614 3135 Oreus.
628 3101 656 3150 p.
669 3083 730 3134 119.
765 3081 841 3132 Error
853 3090 940 3130 autem
954 3080 1016 3132 inde
1032 3093 1099 3134 orme
1114 3086 1197 3138 vide·

208 3179 267 3232 tur,
293 3165 363 3234 quod
383 3165 517 3236 posteriori
537 3163 642 3234 linguae
664 3163 719 3214 Lat.
742 3173 874 3231 tempore,
900 3181 954 3215 non
973 3164 1113 3217 admodum
1128 3166 1197 3220 haec

208 3269 265 3305 roc.
279 3252 398 3303 distincta
413 3250 524 3301 fuerint:
541 3248 604 3300 hinc
627 3250 751 3300 turon.
765 3248 795 3296 in
810 3244 881 3297 Grat.
898 3245 955 3297 Act.
970 3247 1003 3299 ed
1019 3247 1193 3303 Gratiam:

211 3337 278 3405 equi
299 3336 382 3388 tribus
408 3353 461 3387 non
475 3335 626 3398 circumivi,
652 3332 779 3384 centenius
798 3347 851 3381 non
872 3328 992 3394 adulari,
1019 3332 1075 3382 iure
1096 3335 1196 3402 reeens

209 3420 334 3472 classibus
353 3437 406 3471 non
428 3419 568 3483 intremui,
593 3416 662 3468 nihil
679 3433 737 3469 eum
754 3423 884 3484 sequestre
904 3414 1032 3484 deposui,
1051 3433 1113 3468 cum
1126 3417 1200 3470 diri.

211 3503 293 3555 bitere
308 3502 378 3554 nihil
390 3502 478 3572 pepigi
488 3500 518 3566 ;''
537 3511 598 3552 cet:
616 3500 667 3551 nisi
682 3499 751 3568 quod
767 3500 844 3550 etiam
858 3495 902 3548 hic
921 3497 1083 3551 Wunder.
1099 3504 1197 3572 cogitet

212 3589 245 3640 de
274 3587 363 3640 fraude
390 3587 501 3655 quedam
529 3587 557 3636 in
586 3586 650 3654 ipsis
676 3586 788 3637 comitiis
815 3584 934 3637 admisse.
958 3585 978 3638 1.
998 3585 1018 3636 1.
1042 3601 1197 3655 p.cx1.v11.

216 3672 257 3740 (2)
277 3670 428 3725 Schultz.
449 3689 478 3740 p.
498 3670 559 3722 168.
631 3669 673 3737 (3)
694 3668 736 3721 Cf.
759 3667 950 3722 Pseudo-Asc.
972 3668 1003 3720 ed
1028 3669 1105 3722 Verr.
1128 3673 1156 3725 1.
1170 3675 1197 3726 8.

213 3755 266 3819 22,
287 3754 411 3807 Gruch.
429 3755 458 3805 de
473 3755 557 3804 comit.
572 3770 599 3822 p.
615 3754 683 3817 57⁷,
703 3770 761 3821 sq,
789 3751 958 3804 Cameren.
976 3762 1002 3804 et
1023 3751 1145 3807 Graer.
1167 3756 1199 3807 ed

217 3838 286 3893 Cic.
298 3856 327 3906 p.
342 3839 415 3890 Mar.
430 3838 473 3889 26.
488 3838 532 3890 51.
603 3833 644 3902 (1)
665 3833 708 3888 Of.
720 3852 749 3902 p.
766 3835 971 3888 Placentia.
990 3835 1058 3902 »qui
1073 3838 1198 3903 nummi,

216 3924 406 3994 qaasltribus,
432 3921 478 3988 qui
500 3917 656 3972 divisores.”
736 3919 777 3987 (5)
798 3919 835 3969 ln
855 3919 931 3971 Verr.
953 3919 975 3970 1.
995 3920 1022 3971 8.
1042 3919 1095 3983 22,
1116 3938 1200 3990 sqq,

216 4025 242 4073 p.
259 4010 349 4059 Plane.
366 4006 409 4057 23.
425 4006 468 4059 55.
539 4001 581 4073 (6)
609 4003 654 4053 Ad
667 4003 725 4055 Ate.
740 4002 762 4054 Ι.
776 4002 819 4054 16.
890 4001 931 4068 (7)
952 4000 993 4052 Fr.
1008 4001 1200 4068 cancerosi.

214 4111 241 4161 p.
257 4093 299 4143 ⁷4.
322 4091 371 4143 ttr.
1083 4128 1086 4132 ⁴
