2836 5588
692 450 731 511 ta

226 652 365 713 nonnulli
383 653 548 713 honoribus
570 653 659 730 potiri
685 654 892 732 quaesiverant
910 639 972 736 (1),
994 654 1031 713 ab
1056 655 1093 713 iis
1108 664 1199 714 erant

225 763 318 822 alieni
334 762 391 845 (2);
413 771 457 821 est
474 763 555 822 enim
572 763 625 822 illa
645 743 804 823 hominum
829 769 938 822 natura
960 770 995 822 ut
1019 764 1200 843 imaginibus

224 874 374 935 maiorum
389 874 458 952 plus
475 894 562 952 saepe
579 874 714 934 tribuant
729 894 821 954 quam
837 873 944 932 virtuti
961 883 992 934 et
1008 874 1200 956 ingenium:

223 992 255 1044 et
280 984 344 1064 ipsa
368 984 453 1063 plebs
478 985 614 1064 quamvis
637 1004 756 1045 nomen·
774 1004 835 1044 non
861 984 1003 1062 haberet,
1024 986 1057 1045 in
1082 986 1120 1046 iis
1144 987 1200 1066 qui

224 1093 429 1173 magistratum
460 1094 714 1174 adipiscerentur,
750 1095 930 1174 dignitatem
943 1097 1073 1173 ¹{teneris
1098 1097 1201 1175 magni

222 1205 352 1267 faciebat
364 1205 417 1288 (4).
457 1207 503 1267 lta
527 1227 624 1287 quum
646 1227 677 1268 se
694 1207 820 1267 haberet
837 1205 986 1266 nobilium
1002 1207 1036 1266 in
1051 1211 1200 1269 droruourn

222 1317 356 1392 animus,
385 1301 447 1377 non
473 1318 584 1396 exigua
609 1337 681 1377 sanc
704 1316 948 1394 competitoribus
964 1317 1057 1396 ipsius
1073 1338 1138 1397 spes
1154 1319 1199 1379 in-

219 1447 283 1487 esse
300 1435 434 1507 poterat,
456 1435 491 1487 ut
506 1428 591 1487 hunc
608 1427 713 1486 saltem
731 1435 915 1504 superarent.
952 1428 1082 1503 Quinam
1098 1438 1201 1491 autem

220 1537 255 1596 hi
282 1537 493 1616 competitores
518 1536 650 1612 fuerint,
679 1537 788 1615 quibus
811 1537 946 1598 moribus
952 1584 962 1616 ,
986 1527 1052 1618 'qua
1081 1560 1135 1618 spe
1160 1542 1200 1602 aa

220 1646 399 1725 petitionem
416 1645 607 1722 accesserint,
625 1664 709 1705 nunc
725 1646 890 1706 dicendum
908 1657 964 1723 est,
985 1657 1021 1707 ut
1035 1640 1109 1708 dein
1123 1650 1200 1729 quid

218 1775 343 1819 merrom
360 1765 391 1816 et
407 1756 590 1836 sperandum
610 1764 641 1815 et
659 1754 859 1815 metuendum
875 1747 985 1833 fuerit,
1005 1750 1117 1820 rectius
1132 1779 1198 1839 per-

217 1866 387 1946 spiciamus.
429 1867 508 1927 llaec
534 1885 628 1931 cumn
654 1865 780 1944 epistola
804 1867 982 1946 praecipuos
1011 1889 1048 1930 ex
1080 1870 1141 1932 illis
1164 1873 1198 1935 iu

217 1979 321 2037 lucem
341 1975 482 2055 proferet.
553 2030 556 2037 ,
909 2039 911 2047 ,

257 2088 440 2168 Plerumque
455 2089 516 2147 iam
530 2088 586 2148 diu
604 2095 674 2150 ante
687 2107 780 2180 quatu
794 2091 917 2168 petendi
931 2099 1049 2173 tempus
1064 2090 1196 2172 instaret,

215 2200 307 2260 multi
331 2198 443 2279 quiin
469 2207 645 2278 sequentem
670 2219 785 2258 annum
808 2201 858 2260 vel
879 2210 980 2279 postea
1002 2194 1195 2268 Consulatum

216 2317 354 2391 peterent
376 2317 464 2370 erant
483 2309 563 2386 noti,
581 2308 719 2388 quotidie
734 2309 792 2370 hac
810 2309 849 2370 de
864 2331 916 2388 rc,
935 2300 1035 2394 deque
1051 2317 1197 2395 proximis

213 2419 383 2482 candidatis
406 2427 471 2480 erat
495 2439 604 2498 serm03
634 2418 779 2481 Praetorii
803 2420 862 2480 viri
887 2422 983 2502 digito
999 2425 1194 2507 designaban-

214 2542 279 2609 tur;
301 2530 441 2593 nonnulli
466 2538 568 2590 tarnen
595 2550 613 2590 a
638 2532 784 2606 petitione
801 2532 1004 2610 abstinebant,
1025 2538 1088 2598 sive
1111 2541 1194 2618 quod

214 2642 283 2702 aliis
306 2641 406 2719 potius
429 2638 557 2716 negotiis
582 2647 678 2697 essent
701 2639 829 2714 intenti,
850 2640 913 2702 sive
933 2646 1015 2723 qnod
1030 2635 1194 2731 tle'populi

215 2753 371 2815 voluntate
394 2749 577 2811 dubitarent.
619 2748 667 2808 Sic
685 2769 713 2810 v.
731 2769 760 2827 g.
779 2745 881 2811 scribit
899 2740 1073 2818 ad'srrrcun
1088 2780 1118 2821 u.
1136 2760 1192 2843 (5):

251 3002 292 3071 (1)
312 3001 376 3068 llic,
391 3000 590 3054 erl’alermi
610 3019 714 3072 quoque
729 3002 869 3070 sententia,
886 3016 924 3059 est
937 3025 1027 3062 sensus
1040 3012 1177 3067 verborum
1187 3028 1214 3070 :'

213 3105 315 3157 »quam
336 3086 411 3137 multi
432 3086 618 3138 consuetudine
639 3085 733 3138 horum
753 3083 879 3139 annorum
898 3088 932 3140 ab
952 3089 1103 3147 horninibus
1122 3100 1196 3152 noris

212 3171 328 3225 alieni.''
351 3171 457 3222 neret.
465 3169 532 3234 114.
546 3168 588 3221 cf.
603 3169 685 3224 Sall.
695 3172 823 3236 Iugurtb.
836 3171 867 3222 l:
889 3175 987 3224 »etiam
1001 3174 1121 3232 homines
1132 3180 1194 3236 nori

211 3261 258 3329 qui
279 3268 351 3309 antee
376 3273 424 3327 per
444 3257 565 3308 virtutem
579 3254 647 3306 soliti
662 3266 733 3307 erant
746 3255 909 3306 nobilitatem
922 3260 1088 3325 antevenire,
1107 3264 1196 3319 furtim

212 3351 239 3392 et
257 3359 304 3411 per
325 3339 457 3392 latrocinia
471 3337 504 3389 ad
518 3339 627 3407 imperia
642 3347 667 3388 et
680 3336 791 3391 honores
805 3338 956 3390 nituntur.'’
991 3339 1056 3395 llale
1070 3344 1116 3399 llo
1125 3347 1192 3416 lie,

211 3427 240 3474 in
261 3441 306 3474 sus
320 3423 494 3475 recentissime
508 3420 588 3472 buius
603 3420 633 3490 Q.
648 3419 764 3490 opusculi
780 3420 842 3472 edit.
856 3421 888 3472 ad
902 3422 931 3475 h.
944 3424 976 3488 l.,
992 3427 1104 3495 explicat
1117 3431 1150 3485 de
1164 3450 1196 3486 eo

211 3508 282 3577 quod
295 3517 352 3578 post
364 3508 471 3572 longum
484 3515 584 3575 tempus
598 3505 696 3574 primus
711 3503 834 3557 Cicero
849 3505 1194 3585 norusGonsulatumadep-

211 3601 328 3642 tuserat.
363 3589 430 3643 Nam
444 3606 518 3659 pron.
532 3590 574 3643 liic
586 3597 656 3638 notat
669 3597 768 3637 tantum
783 3590 900 3657 proxime
916 3589 1015 3660 elapsos
1026 3611 1117 3648 annos.
1152 3595 1194 3652 Gi.

211 3675 349 3742 zumpt,
375 3673 437 3723 cat.
455 3673 548 3723 cram.
570 3669 586 3736 o
607 3662 1194 3749 179,1η.ῑιι.ι...,.ιῑρωρ.ᾱιι>.)

212 3758 258 3820 18,
278 3756 322 3808 35.
348 3753 452 3806 Constat
465 3764 551 3806 autem
566 3771 598 3805 ex
614 3751 683 3806 Cic.
699 3754 729 3805 dc
742 3756 759 3804 l.
776 3757 846 3820 Agr.
864 3757 898 3808 ll.
912 3758 938 3808 1.
954 3758 981 3823 2,
1000 3760 1026 3812 2.
1041 3762 1070 3827 ³,
1080 3781 1110 3831 p.
1118 3765 1192 3819 Mur.

211 3844 236 3894 8.
252 3840 295 3893 1⁷.
310 3848 368 3909 post
380 3839 559 3903 longissimum
572 3849 693 3908 tempus,
713 3839 859 3910 »perlongo
877 3843 1022 3909 intervallo,
1039 3863 1120 3918 prope
1133 3867 1194 3902 me·

213 3926 309 3977 moriae
324 3934 471 3992 tempotum
485 3922 653 3974 nostrorum’'
672 3922 712 3989 (ut
729 3927 784 3992 lpse
798 3927 846 3994 ait)
866 3925 1072 3983 Ciceronem
1087 3933 1193 3988 claustr·

214 4012 260 4060 ista
274 4005 566 4074 nobilitatisrelregisse.
621 4008 662 4075 (2)
684 4007 788 4060 DtPet.
800 4010 866 4075 (11.
916 4013 958 4080 (3)
979 4017 1026 4066 Pr.
1038 4016 1107 4068 sert.
1116 4021 1141 4069 a.
1149 4018 1191 4073 12.

214 4094 255 4160 (1)
278 4095 323 4145 Pr.
340 4093 431 4143 Plane.
448 4091 473 4142 6.
487 4090 531 4143 15.
602 4091 643 4160 (5)
662 4092 683 4142 l.
698 4093 722 4142 1.
739 4092 763 4142 1.
