2836 5588
694 423 732 482 67

223 626 347 701 darent,
371 634 462 705 atque
481 636 555 686 esset
571 627 752 688 beneficium
770 631 864 708 magis
889 632 968 690 inter
992 633 1086 709 ipsos,
1103 653 1197 712 quam

221 738 393 813 conventio,
406 739 531 799 minime
545 739 603 800 hoo
617 749 680 800 erat
689 739 892 802 damnandum
896 789 905 820 ,
919 751 950 802 et
962 742 1119 806 dicebatur
1129 745 1195 806 talis

220 848 302 908 tribu
317 868 370 908 sua
382 851 570 927 competitori
580 850 697 912 cedere.
720 838 781 912 Hac
790 873 819 914 v.
828 873 855 914 o.
867 854 982 914 ratione
990 855 1024 913 in
1032 876 1193 915 munerans

218 961 346 1038 gratiam
371 969 402 1020 et
424 983 536 1022 mouns
562 971 592 1021 et
615 984 855 1040 remorsurum
872 965 1000 1044 quisque
1016 967 1131 1025 tribum
1147 987 1193 1027 ro-

217 1079 350 1148 gaverat,
377 1080 411 1131 ut
438 1073 485 1132 illi
511 1075 633 1154 insuper
649 1075 899 1155 suffragarentur,
925 1074 998 1140 dein
1014 1084 1115 1137 autem
1131 1097 1191 1137 me·
1262 1104 1284 1150 ῃ

217 1190 348 1259 tuentes,
369 1204 408 1244 ne
426 1179 505 1263 ipsos
519 1186 561 1247 ita
578 1185 699 1246 adiutus
713 1187 860 1262 vinceret,
880 1206 920 1245 ne
936 1186 1082 1264 facerent,
1103 1188 1192 1248 iusse-

191 1369 195 1378 .
218 1291 330 1375 rat(l):
350 1303 381 1355 et
397 1296 431 1354 in
448 1296 525 1375 Toga
541 1296 675 1357 Candida
688 1318 811 1357 snromo‘
820 1319 850 1357 rr.
864 1318 959 1358 uerno
971 1298 1087 1374 obiicit,
1103 1299 1192 1360 illum

216 1423 270 1462 suo
287 1403 410 1466 demum
424 1405 571 1467 beneficio
586 1429 623 1466 ex
639 1407 745 1467 ultimo
759 1408 826 1468 loco
840 1407 1068 1469 candidatorum
1084 1410 1118 1469 in
1135 1410 1202 1471 ter·'

189 1541 191 1547 ⁸
217 1514 294 1575 tium
311 1517 494 1594 pervenisse:
515 1518 578 1578 scil.
593 1518 762 1596 complures
778 1519 874 1579 tribus
888 1520 920 1578 in
935 1520 1046 1599 quibus
1061 1521 1193 1582 multum

215 1625 349 1703 valebat,
374 1626 432 1705 ipsi
447 1647 581 1708 quoque,
606 1630 761 1689 miseratus
773 1630 865 1708 ipsius
882 1628 1097 1707 conditionem,
1124 1650 1194 1691 oon·

215 1736 344 1814 eiliavit5
364 1745 394 1796 et
410 1737 533 1817 insuper
548 1739 709 1798 nonnullos
725 1740 1022 1818 exeompetitoribus
1039 1743 1072 1800 ut
1089 1742 1123 1802 irt
1141 1762 1195 1803 sua

215 1846 297 1905 tribu
315 1844 413 1922 idem,
434 1868 545 1907 sarorn
563 1867 666 1924 causa,
691 1848 840 1926 facerent,
866 1851 1057 1911 invitaverat:
1083 1852 1194 1931 quibus

215 1956 341 2016 demum
357 1959 562 2018 centuriarum
580 1957 728 2038 suffragiis
745 1960 866 2021 adiutus
888 1960 927 2022 ad
952 1962 1075 2021 tertium
1092 1982 1110 2022 e
1127 1983 1195 2025 can-

217 2066 326 2128 didatis
341 2068 443 2148 locum
459 2071 614 2149 pervenit3
632 2090 716 2147 cum,
736 2073 761 2130 si
778 2073 839 2131 suis
855 2080 974 2132 tantum
992 2071 1139 2150 suffragiis
1150 2074 1195 2132 ni·

214 2198 263 2237 sus
277 2177 392 2257 fuisset,
408 2180 533 2241 ultimus
545 2180 666 2241 futurus
678 2181 782 2240 fuisset
789 2179 843 2263 (2)
859 2217 877 2227 -
892 2182 945 2240 Hic
954 2189 1055 2242 autem
1063 2181 1102 2242 de
1112 2184 1195 2243 omni

217 2288 325 2349 aliare
343 2290 456 2367 agitur:
484 2291 703 2352 conveniebant
727 2293 808 2352 enim
829 2293 908 2352 inter
924 2313 956 2352 se
973 2295 1196 2372 competitores,

216 2407 250 2461 ut
271 2399 305 2460 in
322 2401 358 2459 iis
374 2401 526 2478 tribubus,
547 2402 705 2482 inquibus
718 2402 836 2481 aliquid
853 2403 1001 2480 valerent,
1022 2404 1072 2463 vel
1086 2406 1196 2483 gratia,

215 2512 380 2589 beneficiis,
408 2513 566 2591 largitione
591 2514 693 2573 valere
719 2512 890 2589 studerent,
918 2534 980 2574 non
1003 2514 1060 2573 sibi
1078 2523 1195 2575 tantum

214 2630 424 2701 operarentur,
452 2622 505 2681 sed
532 2623 664 2701 utrique.
704 2621 766 2681 Hoc
792 2622 885 2698 igitur
911 2641 930 2682 a
954 2621 1072 2682 duobus
1092 2624 1147 2702 per
1164 2644 1196 2684 se
1216 2650 1218 2655 ·

214 2733 347 2792 multum
365 2734 426 2793 iam
443 2733 612 2794 valentibus
625 2732 717 2808 factas,
734 2732 837 2792 lucide
851 2739 944 2811 patet,
962 2741 1109 2811 qviantum
1124 2735 1194 2795 reli·

215 2864 292 2923 quos
305 2863 446 2922 superare
459 2843 632 2904 debuerint:
648 2843 701 2903 sed
714 2843 828 2904 etiamsi
836 2843 947 2921 singuli
955 2843 1018 2903 non
1025 2844 1094 2922 plus
1102 2865 1194 2924 quam

216 2954 294 3014 alius
306 2952 429 3032 quidam
442 2954 627 3014 adversarius
640 2954 788 3031 valerent,
801 2962 903 3015 tamen
914 2953 972 3014 hac
982 2955 1196 3016 coniunctione

216 3066 280 3124 sive
307 3068 447 3141 coitione,
474 3073 509 3125 ut
534 3066 647 3125 dicitur
662 3064 725 3148 (3),
754 3066 827 3126 huic
853 3064 1072 3126 antecedebant
1097 3068 1194 3130 ambo.

216 3173 292 3235 Talis
305 3175 399 3254 igitur
411 3176 515 3250 coitio,
530 3177 693 3254 turpissimi
707 3184 769 3236 erat
783 3176 912 3234 ambitus
916 3200 924 3251 3
942 3183 973 3234 et
986 3178 1068 3236 omni
1081 3179 1198 3240 ratione

216 3287 323 3346 ceteris
339 3287 585 3365 competitoribus
601 3295 665 3346 erat
680 3284 843 3346 metuenda
851 3283 904 3367 (4)
944 3285 1020 3345 Hinc
1038 3288 1071 3346 in
1086 3289 1207 3351 Senatu
1304 3335 1308 3342 «

216 3406 321 3459 eontra
338 3419 451 3459 aarorur
468 3406 498 3456 et
516 3419 658 3458 csrurmn
682 3397 843 3457 coitionem
860 3394 1120 3457 vehementissime
1137 3402 1200 3479 egit

216 3531 325 3587 meeum
346 3515 376 3568 et
393 3530 528 3570 cassura
542 3529 613 3568 cum
627 3530 725 3571 roomo
740 3508 875 3583 coivisse,
893 3528 1068 3582 unsarans,
1083 3529 1121 3568 ex
1138 3510 1196 3569 suf·

253 3729 295 3798 (1)
315 3731 363 3782 Pr.
380 3731 472 3782 Plane.
486 3729 529 3781 22.
543 3731 588 3783 54.
657 3729 699 3797 (2)
720 3728 762 3782 cf.
784 3746 859 3798 supra
879 3729 942 3781 diss.
963 3747 991 3798 p.
1006 3729 1059 3794 88,
1085 3739 1111 3781 et
1124 3730 1162 3782 ibi
1177 3731 1198 3783 1.

217 3817 365 3871 Gruchii
380 3818 399 3870 1.
416 3847 433 3860 -
446 3816 490 3871 sio
504 3815 630 3868 darius
647 3832 751 3885 quoque
769 3815 870 3867 Praetor
883 3814 1000 3880 ἔσχατος
1018 3812 1072 3863 τῶν
1091 3815 1200 3864 πάντων

213 3903 427 3968 ἀναγορευθείς.
463 3897 609 3952 oratus.
632 3902 660 3950 in
681 3916 707 3950 v.
730 3899 803 3950 Mar.
824 3917 852 3968 p.
867 3895 928 3952 408.
948 3896 1022 3966 xyl.
1092 3897 1135 3965 (3)
1155 3899 1201 3947 Aa

213 3987 274 4037 Att.
296 3986 387 4048 1.17,
410 4003 440 4053 p.
456 3985 547 4036 Plane.
569 3984 587 4035 l.
608 3984 646 4050 l.,
672 3983 743 4035 Lis.
757 3982 805 4035 111.
818 3983 862 4036 85.
910 4003 912 4005 ·
935 3980 977 4051 (4)
998 3979 1069 4035 Asc.
1093 3981 1121 4031 in
1143 3997 1197 4048 arg.

215 4089 256 4123 or.
273 4074 302 4121 in
319 4072 350 4124 T.
368 4074 396 4123 C.
411 4089 438 4140 p.
452 4071 495 4123 83.
