2820 5572
694 406 730 466 18

228 612 368 674 Aedilem
389 611 482 672 luisse
505 612 674 691 crederem3
704 620 914 697 praeterquam
941 615 1024 674 enim
1044 613 1206 693 quodsae·

227 727 297 805 pius
312 744 406 786 acano
420 732 567 784 memorat
583 725 714 806 maxims
727 723 1044 807 montemaltum),
1057 745 1208 788 summam

228 837 268 897 de
294 856 331 898 eo
356 835 607 914 exspectationem
623 833 681 918 (2),
706 845 737 899 et
753 837 1038 916 antiquissimam-ei
1052 856 1118 898 esse
1134 836 1208 899 dicit

228 946 350 1026 imperii
374 945 531 1008 seientiam
556 944 614 1027 (3),
644 966 779 1009 amorem
801 947 837 1007 in
856 968 981 1014 >osnrmuu
1005 947 1141 1009 civitatis
1166 949 1207 1032 (4)

229 1056 333 1134 effert,
357 1065 388 1117 et
410 1057 577 1137 deniquea
594 1077 694 1124 oumro
714 1059 817 1121 omnia
832 1080 949 1140 semper
966 1061 1098 1120 honesta,
1110 1079 1149 1121 ac
1167 1061 1207 1123 iu·

228 1170 330 1232 cunda
347 1168 405 1249 ipsi
418 1167 562 1230 cecidisse
577 1177 715 1249 testatum
735 1180 886 1250 -.praeter
900 1171 977 1232 haec
994 1172 1111 1247 omnia)
1130 1191 1208 1251 quae

228 1281 367 1358 repulsae
383 1280 584 1358 suspicionem
609 1280 700 1359 longe
720 1282 879 1358 reiici1mt‚
898 1317 916 1327 -
935 1282 970 1341 in
986 1280 1154 1343 Planciano
1172 1282 1208 1365 (5)

227 1411 363 1470 quoque,
377 1390 417 1450 de
430 1391 670 1470 municipiorum
679 1393 780 1453 studio
791 1413 895 1471 agens,
911 1392 1008 1472 aquid
1019 1396 1099 1472 egoi
1109 1393 1209 1474 inquit

228 1526 243 1560 o
250 1501 290 1562 de
308 1521 372 1576 me,
393 1500 433 1561 de
448 1500 545 1562 iratre-
559 1520 629 1563 meo
646 1501 773 1580 loquer?
794 1523 924 1583 qnorum
941 1503 1108 1564 honoribus
1126 1507 1208 1585 ami,

226 1631 322 1692 prope
344 1611 460 1688 dicam,
480 1612 537 1690 ipsi
553 1619 731 1691 montesque
741 1611 922 1692 ,laverunt;’'
936 1634 998 1694 qua
1012 1614 1052 1674 in
1062 1634 1101 1674 re
1115 1636 1208 1682 nonna

226 1723 353 1800 mentio,
371 1723 397 1783 si
409 1723 565 1802 repulsam.
575 1721 741 1802 aliquando
751 1723 880 1799 tulisset,
898 1724 992 1784 risum
1004 1725 1206 1806 potiusquam

227 1834 456 1919 adrnirationem
480 1833 645 1896 excitasset.
685 1833 784 1894 Adde.
797 1834 944 1912 rationes,
973 1835 1083 1915 quibm
1109 1843 1207 1901 motta

227 1967 257 2007 a.
279 1945 474 2005 Consulatum
498 1954 604 2023 petens
628 1965 773 2007 esemona
790 1948 1025 2021 concessemus
1042 1946 1206 2010 defendere

227 2057 341 2116 noluit:
359 2056 516 2117 »observat
528 2077 555 2117 n.
565 2073 702 2118 nomios
712 2057 853 2133 maxime
868 2076 918 2117 me
926 2057 1018 2117 hebet
1024 2058 1206 2136 proximum

227 2170 296 2229 ruit
311 2177 343 2229 et
360 2167 438 2228 mihi
457 2176 489 2229 et
510 2189 539 2233 u.
560 2167 648 2230 fratri
664 2171 773 2246 magno
792 2165 862 2228 usui
877 2166 912 2225 in
929 2166 1037 2228 noscis
1053 2169 1205 2245 petitioni·

226 2280 304 2342 hus'
319 2277 365 2359 (6)
370 2302 379 2356 3
401 2279 455 2336 ubi
472 2280 538 2337 eius
554 2297 664 2356 operae
680 2280 715 2338 in
731 2299 826 2343 onium
842 2276 988 2356 petitione
1003 2286 1089 2357 grato
1106 2281 1206 2343 enimc

226 2388 399 2449 recordatus
423 2406 487 2447 non
510 2394 600 2462 esset,
628 2388 656 2446 si
675 2406 774 2464 nuper
790 2386 876 2467 (nam
893 2387 1010 2448 duobus
1027 2389 1114 2450 annis
1133 2399 1207 2470 pou·

226 2520 319 2582 qnam
344 2498 471 2560 comitia
490 2499 555 2560 eius
584 2497 689 2559 habita
714 2505 784 2560 sunt
812 2498 923 2576 scripta
949 2506 993 2557 est
1015 2499 1157 2580 epistola)
1185 2510 1207 2564 a

226 2614 288 2674 sola
313 2631 374 2692 qim
396 2610 485 2672 fratri
511 2630 569 2670 usn
588 2608 723 2670 venisset>
738 2610 910 2685 occasione,
930 2609 1010 2669 nihil
1036 2610 1206 2676 adiuvisset

225 2723 358 2785 'landem
379 2723 413 2783 in
434 2722 595 2785 Planoiena
617 2741 740 2805 monn
760 2721 946 2782 mentionem
963 2720 1075 2781 faciens
1090 2742 1205 2802 menno,

226 2813 302 2896 dicit
316 2832 374 2916 (7):
404 2851 560 2912 »quocum
586 2834 637 2889 me
648 2829 721 2889 'uno
737 2831 787 2889 vel
804 2831 936 2891 maxime
952 2850 1048 2911 quum
1062 2837 1205 2912 vetustas,

186 3003 187 3006 ,
225 2957 292 3008 tum
308 2941 455 3018 amicitia,
473 2960 570 3021 quum
581 2941 763 3022 oseifmtric
779 2941 903 3021 eulogio
911 2985 920 3015 ,
936 2947 1003 3000 tum
1017 2942 1103 3020 Reip.
1118 2964 1207 3009 eausa

225 3055 382 3133 sopierat,’'
403 3051 458 3112 ubi
474 3069 540 3112 voe.
559 3051 698 3135 collegio,
715 3050 749 3108 in
762 3049 875 3129 plurali
893 3049 1042 3130 positum,
1058 3052 1128 3129 plus
1146 3075 1207 3117 uno

224 3166 258 3227 in
282 3163 458 3244 magistratu
483 3163 630 3241 collegam
654 3160 745 3222 luisse
763 3182 1030 3228 memoraturus
1046 3171 1150 3246 notat3
1173 3175 1205 3229 ut

224 3285 307 3338 recte
324 3274 402 3344 uidit
417 3293 524 3336 moesus
536 3271 595 3355 (8).

224 3477 314 3548 opinio
335 3474 368 3526 de
385 3475 497 3526 tribunis
513 3472 551 3543 pl.
572 3471 628 3541 (Gi.
643 3473 672 3523 ds
686 3473 754 3539 legg.
768 3474 811 3525 11.
825 3473 864 3542 9.)
879 3474 1055 3539 increbuerat,
1070 3475 1207 3530 tribueba-

223 3573 275 3627 tur,
293 3571 322 3612 ut
335 3549 505 3628 Pompeianos
519 3557 552 3608 ab
566 3572 597 3608 eo
611 3557 763 3609 alienarent.
785 3557 818 3608 m
832 3557 895 3609 hino
909 3560 1005 3629 ingens
1019 3560 1119 3612 llarci
1135 3580 1206 3628 eura,

222 3657 251 3697 ut
266 3643 338 3697 Atti
348 3659 404 3694 eus
414 3642 474 3711 ipse
488 3658 519 3693 eo
532 3650 648 3710 tempore
663 3639 757 3692 Romae
769 3639 884 3705 adesset,
900 3643 974 3694 cuius
988 3643 1055 3712 apud
1068 3642 1130 3696 illos
1144 3664 1207 3699 auo-

198 3753 201 3760 ·
220 3729 349 3778 toritatem
363 3726 418 3794 ipse
433 3723 496 3775 dein
511 3723 561 3776 sibi
575 3723 739 3792 imploravit,
755 3722 791 3773 ud
802 3722 861 3774 Ass.
875 3722 897 3774 Ι.
912 3724 938 3775 1.
951 3723 977 3775 2.

223 3809 264 3878 (1)
284 3810 337 3877 Ep.
353 3809 388 3860 ad
405 3807 626 3871 potestate.
698 3804 741 3873 (1)
759 3802 887 3870 ibid-li,
903 3806 945 3856 tt.
1019 3807 1061 3875 (3)
1081 3807 1203 3862 midas.

223 3894 264 3963 (1)
285 3893 455 3962 aptas.
509 3890 550 3959 (5)
570 3890 654 3943 1120.
709 3888 750 3956 (t)
771 3888 816 3938 Aa
829 3886 918 3949 Aret,
930 3889 1002 3939 1.’3.Δ
1045 3888 1205 3957 (siloas.

220 3978 261 4044 (8)
282 3979 383 4029 Ausul.
402 3976 433 4028 ad
452 3995 475 4028 e.
494 3993 520 4028 u.
535 3976 602 4037 eet,
622 3975 663 4026 cui
678 3973 812 4025 assentitur
834 3971 997 4024 Wunder.
1012 3974 1040 4023 in
1058 3975 1160 4029 Comm.
1177 3978 1208 4028 ad

202 4060 309 4128 JPlcac.
327 4080 354 4130 p.
369 4061 428 4112 237.
