2836 5588
703 436 741 498 48

227 660 289 702 nou
304 657 395 722 parta
411 643 486 702 ratio
504 649 567 702 emt
585 642 737 702 habenda:
755 643 810 721 qui
824 644 961 722 quamvis
974 644 1133 725 suffragari
1144 626 1206 710 non

226 762 376 832 poterant,
395 772 491 832 quum
504 753 678 814 tenuiorum
689 753 743 814 illa
759 752 931 832 suffragatio
943 754 1039 815 valeat
1057 756 1206 841 nihilo),

226 871 327 924 tamen
349 872 434 924 erant
446 863 637 939 observandi,
658 864 731 942 quia
748 863 844 923 omnis
858 864 922 925 sere
939 885 1035 926 sermo
1050 866 1090 927 ad
1103 867 1203 929 foren-

226 990 288 1032 sem
304 972 415 1034 samam
432 992 469 1033 ex
479 972 654 1033 ,domesticis
668 981 787 1034 emanat
804 975 975 1036 auctoribus
988 974 1043 1058 (2).

266 1082 325 1143 Sed
348 1092 467 1162 praeter
488 1084 543 1144 hos
557 1103 659 1144 omnes
675 1084 810 1162 proprios
826 1085 1061 1163 magissamicom
1081 1089 1139 1168 qui
1154 1110 1203 1152 re·

225 1194 279 1253 riis
297 1201 328 1253 et
347 1214 400 1254 sua
416 1195 545 1274 quisque
561 1194 677 1255 ratione
693 1194 845 1255 candidati
862 1195 995 1258 fulciunt
1011 1200 1204 1280 petitionem,

226 1305 366 1366 nonnulli
392 1305 482 1366 ctiam
502 1305 555 1366 alii
577 1313 681 1384 erant,
701 1324 831 1383 quorum
848 1309 1008 1369 auctoritas
1025 1331 1082 1371 usu
1099 1315 1205 1375 venire

220 1422 348 1492 poterat.
389 1414 454 1474 Huc
478 1415 610 1493 pertinet
630 1416 801 1477 conciliatio
818 1418 952 1478 virorum
969 1420 1134 1484 illustrium
1150 1425 1204 1487 ho

223 1543 297 1585 nore
321 1544 356 1585 ac
381 1525 522 1600 nomine,
549 1545 612 1585 non
631 1502 761 1604 'quidem
785 1535 820 1587 ut
838 1527 1020 1608 suffragandi
1036 1534 1137 1596 studia
1150 1557 1203 1596 na.

223 1643 313 1710 veut,
333 1634 386 1696 sed
402 1636 456 1716 qui
473 1635 626 1714 dignitatis
642 1636 758 1714 aliquid
774 1637 898 1699 afferant
913 1641 1035 1719 petitori
1043 1642 1097 1726 (3)
1126 1646 1205 1708 Talis

224 1749 434 1810 comeuadctt'c
450 1768 468 1809 a
484 1748 549 1808 rire
565 1747 599 1807 in
614 1746 737 1808 civitate
755 1767 887 1827 summo,
904 1753 1077 1830 praesertim
1094 1774 1112 1815 a
1130 1775 1205 1818 cona

223 1857 333 1933 solari,
362 1858 494 1919 multum
519 1859 553 1918 in
573 1858 718 1937 petitione
739 1857 827 1921 valet.
866 1859 942 1922 Vide
958 1864 1013 1943 qui
1028 1864 1090 1942 ipse
1107 1885 1205 1929 cremo

224 1986 313 2028 suum
339 1967 373 2026 in
398 1986 532 2027 mssnou
556 1968 690 2029 studium
712 1978 858 2031 memoret
875 1969 937 2053 (lt):
964 1975 1105 2054 ›saliqrrid
1120 1996 1204 2057 prae-

224 2087 307 2140 tcrea
332 2077 451 2160 (timide
476 2077 563 2154 dico,
583 2077 636 2137 sed
653 2085 754 2138 tamen
771 2079 935 2142 dicendum
953 2062 1025 2165 eriz)
1041 2106 1106 2147 non
1123 2089 1202 2151 enirn

224 2191 349 2270 opibus,
376 2210 439 2251 non
461 2188 608 2250 invidiosa
632 2189 743 2269 gratia,
766 2208 828 2250 non
845 2192 978 2269 potentia
994 2195 1046 2254 rix
1062 2195 1205 2276 ferenda,

222 2301 276 2363 sed
292 2301 574 2363 commemoratione
589 2299 743 2375 beneficii,
760 2299 813 2359 sed
830 2301 1050 2386 misericordia,
1067 2306 1124 2369 sod
1140 2329 1204 2390 pm.

215 2413 310 2472 cibus
334 2409 450 2489 aliquid
471 2410 626 2470 attulimus
645 2410 736 2468 etiam
753 2413 837 2470 nos''
877 2411 943 2471 Imo
960 2413 1053 2476 huius
1068 2417 1103 2480 in
1116 2439 1206 2483 causa

224 2522 292 2602 plus
316 2520 406 2595 fecit,
435 2539 527 2600 quam
543 2518 719 2597 ceteroquin
737 2518 810 2579 tales
828 2519 868 2580 ad
884 2523 1032 2602 speciem,
1045 2535 1079 2586 ut
1096 2526 1206 2593 dicun.

224 2641 275 2695 tur
282 2629 340 2714 (5),
357 2630 485 2692 instituti
502 2628 592 2690 amici
607 2628 707 2691 iacere
724 2629 867 2692 solebant.
896 2632 1043 2701 Trihutim
1055 2639 1139 2703 enim
1156 2660 1205 2720 pc

222 2744 331 2825 pulum
358 2741 520 2822 appellavit
536 2738 599 2822 (6),
625 2739 762 2800 submisit
787 2760 819 2800 se
846 2749 877 2800 et
899 2744 1091 2824 supplicavit3
1118 2751 1208 2831 quod

223 2875 320 2936 quum
343 2854 377 2914 in
393 2853 475 2914 omni
497 2851 556 2910 alia
572 2869 607 2909 re
623 2849 731 2909 talium
749 2850 909 2913 hominum
925 2853 1052 2939 dignitas
1066 2871 1201 2942 nouffpu

223 2973 350 3038 teretur,
368 2963 403 3021 in
418 2960 562 3038 singulari
579 2979 667 3020 causa
683 2960 756 3022 fecit
773 2981 886 3038 cremo,
905 2972 940 3024 ut
953 2974 1041 3029 antea
1055 2967 1201 3039 Consule

215 3091 358 3135 mrum
390 3090 500 3131 ostrum
530 3070 749 3149 supplicaverat
774 3067 828 3152 (7).
878 3072 936 3133 Sed
961 3095 1024 3136 non
1049 3077 1204 3161 &mistis

225 3191 342 3245 tantum
367 3200 457 3242 causa
478 3181 538 3243 viri
561 3182 738 3242 auctoritate
759 3182 907 3261 pollentes
923 3190 1118 3266 compmeudi
1133 3203 1203 3255 sunt

222 3293 330 3368 amici,
349 3300 419 3353 sunt
436 3292 662 3372 magistratuum
678 3312 801 3372 quoque
818 3295 1035 3361 nonnullorum
1052 3301 1203 3365 amicitiae

223 3403 445 3480 conciliandae,
469 3412 505 3465 ut
526 3405 560 3463 in
576 3404 705 3466 comitiis
721 3412 821 3465 certus
837 3406 892 3481 sis,
911 3408 1012 3468 omnis
1027 3409 1097 3472 iure
1113 3421 1146 3474 et
1161 3414 1201 3475 lc

259 3663 301 3731 (1)
322 3663 368 3711 Pr.
380 3659 455 3712 Mur.
467 3659 511 3711 tt.
523 3657 567 3709 ⁷1.
622 3655 664 3726 (2)
684 3653 726 3707 Dc
738 3657 794 3717 Pet.
802 3653 818 3722 ᾗ
828 3655 869 3708 tt.
924 3656 966 3726 (3)
986 3658 1079 3727 luido
1087 3664 1154 3732 Mi,
1163 3668 1203 3722 17.

213 3745 265 3814 (Ι)
286 3747 333 3797 Pr.
346 3745 438 3795 Plane.
452 3742 495 3793 10.
508 3741 553 3793 tt.
606 3739 657 3808 (ὅ)Ι
667 3739 709 3790 De
723 3741 781 3792 Pet.
798 3739 814 3805 β
826 3740 869 3792 17.
881 3782 883 3789 ,
923 3742 965 3811 (6)
987 3745 1034 3798 Pr.
1041 3747 1200 3806 Plancus

220 3846 271 3894 ψῃ
284 3828 402 3889 tributim
414 3841 475 3876 cum
488 3823 616 3891 appellari
624 3823 751 3890 populum
763 3832 802 3874 est
814 3824 1011 3897 coniungenda:
1031 3839 1060 3880 ut
1080 3831 1109 3884 in
1123 3849 1202 3903 pm-

220 3911 377 3964 stantissimc
389 3915 528 3959 comment.
543 3904 618 3965 docet
632 3904 794 3957 Wunder·
809 3904 841 3956 sd
854 3901 883 3958 li.
890 3907 922 3960 l.:
936 3921 962 3962 et
978 3922 1062 3976 rector
1072 3930 1135 3967 nam
1150 3919 1203 3968 trt-

221 3996 304 4045 butim
318 4010 344 4044 se
358 3993 504 4044 submittere
518 3987 629 4040 ambitus
636 3989 809 4058 suspicionem
816 4003 939 4046 moveret.
991 3995 1033 4061 (7)
1053 3998 1101 4050 Pr.
1110 4000 1202 4050 Plane.

218 4077 261 4130 29.
276 4079 319 4128 69.
