2836 5588
703 439 746 498 ‘02

239 644 326 719 Quod
347 645 446 706 neseio
459 663 498 705 an
518 650 583 703 tum
603 643 665 706 iam
685 661 830 722 umquam
849 641 941 703 luerit
957 643 1167 722 prohibitum,
1187 654 1221 705 et

238 756 311 817 dein
326 758 510 835 neglectum5
526 773 566 814 au
583 773 781 816 serenorum
798 755 928 816 ambitus
942 754 1117 831 inventum,
1133 756 1220 834 quod

237 868 327 945 dein,
351 867 457 949 populi
478 865 587 945 gratia,
613 867 653 927 ab
677 867 896 927 honestioribus
914 886 1039 947 quoque
1053 865 1219 926 adhibeba-

235 987 303 1057 tur;
325 979 447 1055 saltem,
467 977 545 1038 duee
562 997 677 1053 eunom,
695 977 767 1039 scre
783 977 979 1039 constitutum
997 984 1054 1054 eet,
1075 985 1111 1037 ut
1127 997 1217 1057 pran-

236 1089 288 1149 dia
302 1090 327 1148 si
343 1090 435 1168 vulgo
450 1097 547 1150 essent
562 1088 630 1149 data
638 1134 647 1164 ‚
660 1097 763 1151 eontra
780 1090 879 1168 legem
892 1088 1085 1167 Calpurniam
1097 1087 1216 1149 factum

236 1199 391 1262 videretur
407 1198 452 1281 (1)
458 1225 467 1278 ;
494 1200 540 1259 uti
557 1219 693 1279 quoqne,
713 1201 738 1258 si
758 1199 986 1278 gladiatoribus,
1011 1199 1139 1277 aliisque
1156 1219 1216 1259 sor·

177 1290 183 1345 .'
235 1310 315 1370 didis
330 1311 503 1371 horninibus
518 1311 602 1372 locus
619 1311 653 1370 in
669 1312 836 1389 spectaculo
852 1311 1009 1371 distinctus
1022 1309 1147 1370 daretur
1154 1307 1214 1390 (2);

171 1472 173 1478 .
234 1421 260 1481 si
286 1441 358 1480 vero
382 1420 559 1496 tribulibus,
584 1421 624 1481 ab
645 1421 749 1481 amieis
769 1421 927 1497 darentur,
951 1421 1062 1482 honori
1083 1420 1214 1480 dueeba·

235 1539 285 1591 tur
311 1529 365 1611 (3).
416 1531 540 1590 Gravior
566 1539 631 1590 erat
654 1552 817 1592 munerum
844 1530 888 1613 (4)
916 1540 947 1592 et
975 1532 1215 1611 spectaculorum

235 1642 396 1720 praebitio:
422 1640 568 1702 Aedilitas
592 1661 628 1704 eo
649 1642 715 1721 ipso
736 1662 767 1702 se
792 1642 1037 1718 commendabat,
1061 1662 1161 1722 qnam
1180 1661 1213 1701 ea

236 1755 332 1816 multa
360 1761 391 1813 et
408 1753 574 1832 'magnilica
605 1753 764 1832 darentur5
794 1753 870 1814 adeo
900 1762 935 1814 nt
961 1754 1096 1833 quarm
1120 1753 1215 1812 trinos

237 1866 325 1926 ludos
342 1866 449 1926 fecerit
470 1886 565 1926 murno
585 1863 716 1942 Aedilis,
737 1874 838 1925 tamen
858 1887 970 1927 snrouu
988 1863 1069 1924 ludis
1085 1882 1212 1924 commo

237 1983 371 2052 veretum
403 1983 434 2033 at
455 1974 606 2052 petitionis
623 1984 757 2053 tempore
773 1974 932 2035 honestmn
949 1994 1011 2034 non
1030 1971 1212 2048 habebam,

236 2085 274 2144 iis
299 2084 421 2164 plebem
448 2083 487 2144 ad
510 2102 577 2143 suas
602 2092 701 2162 partes
726 2084 857 2161 trabere3
889 2084 965 2144 adeo
989 2093 1040 2161 ut,
1066 2091 1211 2143 oreseente

234 2215 342 2258 eorum
367 2217 441 2272 usn,
470 2195 550 2274 Lege
574 2194 690 2271 Tullia,
717 2214 846 2255 memore
870 2192 954 2254 Gens.
981 2195 1061 2271 lata,
1091 2196 1210 2255 vetitum

234 2307 343 2368 fuerit:
368 2306 515 2365 »biennio
537 2325 598 2384 qno
620 2306 688 2383 quis
707 2312 802 2383 petat,
826 2304 1010 2383 petiturusve
1031 2306 1086 2381 sit,
1107 2305 1210 2384 gladia·

236 2425 314 2475 tores
330 2415 421 2474 dare”
438 2412 498 2495 (5);
520 2422 550 2472 et
567 2422 668 2473 tamen
684 2415 823 2491 populari
839 2415 1007 2490 voluntate,
1028 2417 1210 2496 impudenti-a

234 2533 327 2604 atque
340 2524 444 2603 legum
457 2531 631 2602 contemptu
649 2524 758 2584 duetus
773 2544 899 2585 venturus
916 2526 1012 2603 ipsam
1029 2528 1211 2605 neglexerat:

234 2638 296 2696 imo
313 2636 376 2716 ipse
394 2656 501 2712 moeno,
521 2656 672 2701 numum
687 2621 866 2711 defendens,¹
885 2644 994 2697 cuneta
1011 2636 1064 2697 illa
1082 2646 1211 2700 excusat:

235 2751 372 2829 aquare''
404 2749 445 2809 ait
470 2767 551 2808 »tneo
582 2747 666 2806 Plebi
694 2747 729 2806 ll.
756 2747 906 2826 eripiendi
929 2747 1043 2806 fruetus
1067 2748 1117 2805 isti
1143 2755 1212 2807 sunt

233 2859 392 2934 ludorum,
412 2856 623 2933 gladiatorum,
641 2855 862 2932 conviviorum,
883 2875 962 2934 quae
975 2855 1074 2917 omnia
1085 2855 1211 2918 maiores

233 2970 327 3029 nostri
347 2973 608 3043 comparaverunt3
637 2986 694 3026 neo
711 2966 876 3027 candidatis
896 2966 952 3027 ista
968 2967 1138 3046 benignitas
1155 2967 1209 3028 adi·

217 3074 344 3152 menda
374 3082 435 3150 est,
463 3094 541 3154 quae
573 3076 785 3136 liberalitatem
813 3077 907 3155 magis
935 3076 1094 3155 significat,
1124 3097 1209 3157 qnam
1237 3127 1240 3138 .

234 3185 443 3263 largitionem’'
466 3183 524 3268 (6);
552 3194 583 3245 et
604 3187 664 3247 alio
684 3187 763 3246 loeo:
789 3188 916 3249 »omnia
938 3187 1014 3248 haee
1033 3195 1102 3248 sunt
1119 3186 1210 3248 officia

233 3296 486 3372 necessariorum,
514 3298 671 3360 eommoda
695 3297 886 3374 tenuiorum,
913 3298 1019 3360 munia
1043 3298 1211 3362 eantlidato·

231 3411 319 3473 rum''
336 3405 391 3489 (7).

267 3670 309 3738 (1)
328 3671 378 3722 Pr.
398 3671 473 3721 Mur.
494 3667 538 3719 81.
560 3666 602 3718 67.
673 3663 716 3735 (1)
734 3664 803 3717 lbid.
875 3663 1004 3734 (3)1htu.
1025 3667 1068 3719 at.
1088 3668 1147 3720 71.
1171 3668 1214 3723 Cl-

231 3752 335 3806 Gomm.
357 3754 386 3803 in
408 3753 499 3804 Paul.
522 3751 614 3803 Diae.
636 3757 748 3818 excerpt.
766 3747 796 3800 Τ.
810 3747 845 3800 11.
860 3766 888 3818 p.
904 3750 964 3802 4⁷7.
1036 3750 1077 3820 (l)
1097 3749 1139 3804 De
1153 3770 1215 3807 roeo

230 3851 328 3887 munus
348 3845 375 3887 et
393 3837 511 3886 mettium
539 3832 574 3885 el.
594 3831 702 3884 Verre
723 3831 753 3882 de
773 3832 837 3896 ling.
861 3833 908 3885 lat.
930 3851 957 3903 p.
971 3834 1032 3886 143.
1063 3833 1217 3905 Spanh„

116 3932 120 3943 '
231 3919 324 3973 Paul.
343 3917 482 3972 ltiaoon.
505 3915 537 3968 ’1.
551 3914 584 3966 Π.
599 3933 627 3985 p.
641 3915 694 3980 at,
719 3914 1014 3982 torruerint,
1041 3917 1216 3989 oranter,

231 4007 327 4072 Antiq.
347 4003 427 4056 Rom.
449 4021 478 4073 p.
497 3999 558 4052 382.
628 3997 670 4068 (5)
688 3999 725 4049 In
749 3999 840 4050 Vetin.
861 3999 906 4052 15.
927 3999 970 4052 8⁷.
1042 3998 1084 4071 (6)
1102 4001 1149 4054 36.
1171 4004 1220 4057 Ἠ.

235 4089 301 4142 lod.
317 4089 359 4142 18.
374 4090 427 4153 37,
445 4087 489 4140 19.
506 4085 550 4136 88.
621 4083 662 4150 (t)
682 4082 749 4136 tuit.
763 4082 808 4135 35.
820 4082 865 4136 73.
950 4115 952 4118 -
