2820 5572
713 422 732 479 2

276 626 336 686 Nec
354 626 465 684 mirum
473 670 482 699 ‚
503 643 575 702 prae
592 627 700 684 ceteris
715 628 744 685 ei
762 627 891 687 nominis
908 629 1069 688 novitatem
1089 629 1217 691 fraterni

234 757 324 798 curae
347 737 456 811 luisse,
485 734 578 812 idque
603 737 801 815 praecipuum
827 738 944 799 duxisse
970 740 1095 800 honoris
1119 742 1217 821 impe-

233 850 411 907 dimentum.
453 845 649 906 consideratis
665 825 766 911 tamen
783 847 819 906 iis
832 868 910 926 quae
928 858 958 910 et
974 829 1074 910 fratris
1083 859 1117 910 et
1125 852 1217 912 huius

235 968 405 1037 temporum
429 958 550 1036 propria
575 966 678 1034 erant,
707 958 804 1019 multa
827 979 889 1020 esse
914 960 1036 1021 videbat
1057 981 1141 1040 quae
1164 965 1217 1042 ipsi

234 1071 313 1129 hane
332 1070 495 1128 novitatem
512 1067 711 1128 sublevarent.
747 1069 935 1149 Quamquam
951 1073 1034 1130 enim
1051 1072 1085 1129 in
1102 1072 1215 1135 Consu-

232 1181 297 1239 lum
316 1179 473 1240 annalibus
489 1200 639 1238 crcnnouun
656 1198 767 1238 nomen
783 1189 847 1239 erat
867 1182 1021 1259 ignotum,
1039 1190 1069 1242 at
1088 1182 1125 1243 in
1137 1203 1214 1262 quo-

231 1291 346 1350 tidiano
375 1289 512 1348 omnium
542 1308 679 1348 sermone
704 1298 768 1350 erat
793 1290 996 1351 celebratum:
1022 1311 1085 1351 non
1112 1294 1214 1372 exigui

232 1403 314 1462 enim
331 1399 476 1459 momenti
492 1417 594 1458 ramas
610 1399 703 1459 frater
720 1401 782 1460 iam
798 1411 917 1480 egerat3
939 1422 1069 1461 summos
1086 1403 1124 1461 in
1139 1404 1214 1464 civi-

232 1521 292 1573 tate
316 1512 396 1570 viros
420 1509 613 1587 defenderat,
645 1518 675 1568 et
701 1511 815 1571 multae
839 1513 1039 1574 amicitiarum
1063 1515 1214 1593 rationes,

230 1633 293 1683 tam
317 1643 354 1682 ex
376 1623 434 1681 hoc
451 1620 533 1680 sonte
550 1641 642 1698 quam
660 1641 698 1680 ex
715 1622 846 1701 equestri
861 1623 1033 1683 conditione
1048 1633 1135 1685 ortae
1152 1627 1215 1687 eius

230 1734 368 1814 petitioni
390 1731 645 1810 suffragabantur,
672 1751 751 1810 quae
768 1732 928 1811 diligenter
946 1742 1030 1793 erant
1046 1735 1214 1816 colendae3

228 1845 403 1926 praesertim
428 1862 501 1901 vero
522 1842 672 1903 nobilium
689 1844 722 1904 in
740 1845 838 1922 ipsum
855 1845 991 1905 voluutas
1007 1847 1214 1910 confirmanda

227 1966 258 2017 et
273 1932 431 2015 croilanda
446 1959 519 2011 erat.
560 1949 652 2010 Felici
665 1954 797 2029 quodam
814 1975 952 2017 successu
967 1957 1099 2016 evenisse
1118 1977 1213 2022 nsum

227 2068 319 2143 dicit,
339 2074 375 2125 ut
392 2063 446 2144 qui
462 2081 534 2122 cum
551 2081 587 2122 eo
603 2069 739 2141 peterent
758 2061 888 2138 nobiles,
905 2067 1016 2141 partim
1032 2067 1140 2128 minue
1152 2073 1213 2150 apri

227 2179 267 2239 ad
281 2178 458 2257 popularem
471 2175 597 2252 gratiam
611 2172 857 2253 comparandam,
876 2174 986 2253 partim
1000 2174 1137 2238 'vitiisfac
1147 2183 1213 2240 turss

226 2288 365 2369 pitudine
391 2294 421 2345 et
446 2284 570 2345 infamia
593 2283 716 2360 referti,
736 2304 889 2359 cremeris,
910 2285 1048 2363 quamvis
1063 2288 1212 2350 novi-bo·

225 2398 333 2473 minis,
370 2396 531 2470 virtutem,
560 2394 736 2472 ingenium,
765 2395 902 2454 omnium
931 2394 1058 2454 salutem
1084 2417 1212 2476 promo-

227 2507 319 2568 vendi
336 2505 488 2580 studium,
506 2524 568 2564 non
586 2513 704 2564 tantum
721 2523 783 2565 non
799 2505 1008 2582 obscurarent,
1027 2507 1080 2566 md
1098 2511 1212 2576 molius

225 2620 363 2680 omnium
380 2616 475 2683 oculis
490 2621 701 2694 proponerent.
1075 2665 1078 2671 ,
1104 2667 1107 2671 ,
1152 2628 1156 2645 ²
1201 2633 1205 2641 ·

259 2729 314 2791 Ab
326 2730 420 2792 altera
433 2734 518 2805 parte
537 2727 600 2801 ipsa
617 2724 682 2782 eius
696 2723 792 2800 gloria
807 2732 838 2783 et
850 2723 954 2784 landes
968 2665 1076 2786 multos
1089 2732 1209 2793 excita-

224 2850 311 2903 turae
324 2845 411 2900 erant
426 2832 557 2908 invidos,
578 2833 633 2911 qui
647 2832 731 2890 omni
747 2833 861 2892 ratione
873 2835 993 2894 hanc
966 2857 996 2895 er
1011 2836 1207 2918 adversandi

223 2955 350 3030 ejusque
366 2944 490 3007 consilia
506 2942 692 3022 impediendi
708 2943 894 3003 occasionem
908 2945 1085 3023 arriperent.
1114 2949 1208 3012 sums

222 3084 272 3125 ma
288 3063 383 3140 igitur
397 3057 449 3118 hic
465 3076 540 3134 opus
556 3063 621 3116 erat
637 3053 806 3133 diligentia,
823 3062 859 3113 ut
876 3064 906 3114 et
923 3055 1089 3117 amicorum
1105 3061 1208 3122 studia

223 3184 253 3237 et
273 3172 380 3254 populi
396 3170 581 3231 voluntatem
598 3167 655 3226 sibi
670 3166 853 3226 conciliaret.
872 3201 890 3212 -
906 3165 1207 3234 Amicorumautem

223 3306 336 3347 nomen
351 3284 409 3342 hac
431 3282 465 3340 in
484 3299 519 3339 re
536 3279 676 3340 latissime
691 3286 734 3337 est
751 3275 989 3356 extendendum
1019 3285 1051 3338 et
1067 3282 1206 3360 quicun-

222 3417 284 3478 que
307 3393 471 3469 beneficio,
500 3411 568 3470 spe,
597 3389 690 3449 animi
717 3388 911 3449 adiunctione
935 3365 1070 3451 nostrum
1095 3395 1206 3473 cupidi

220 3510 298 3585 sint,
326 3507 350 3565 ii
375 3523 479 3564 ornnes
499 3509 569 3562 sunt
586 3500 625 3559 ad
640 3500 880 3561 benevolentiam
898 3508 930 3558 et
945 3499 1040 3562 officia
1056 3518 1110 3562 sua
1125 3522 1204 3582 pm·

218 3622 320 3682 banda
335 3615 498 3692 excitandi3
518 3632 648 3693 quorum
666 3620 767 3673 autem
785 3612 847 3672 huc
864 3630 960 3691 usque
976 3613 1125 3672 minorem
1142 3613 1204 3679 ha-

218 3733 327 3792 buerat
347 3727 512 3802 rationem,
542 3744 591 3784 eos
614 3742 736 3802 quoque
759 3723 818 3782 hoc
843 3730 979 3802 tempore
1003 3724 1143 3802 allicere,
1170 3736 1202 3786 et

219 3844 259 3904 ad
276 3861 342 3902 suas
357 3846 455 3919 partes
472 3834 630 3896 adtrahere
645 3841 675 3893 et
688 3835 846 3894 honestum
860 3842 891 3892 et
905 3835 1027 3894 maximi
1040 3842 1104 3892 erat
1118 3855 1202 3914 pon-

127 3916 131 3928 ·
217 3954 305 4015 deris.
346 3951 385 4010 dt
409 3969 472 4009 non
488 3945 612 4021 sufficit,
643 3946 753 4005 multos
768 3945 881 4005 habere
898 3947 1024 4022 amicos3
1047 3944 1201 4023 imprimis

138 4098 143 4102 ·
217 4087 290 4146 opus
315 4073 376 4138 est,
398 4070 431 4120 ut
449 4081 499 4120 eos
519 4058 692 4118 bominibus
714 4057 864 4133 ostendas,
891 4065 921 4116 et
939 4058 975 4116 iis
992 4076 1109 4136 semper
1126 4061 1200 4120 cin-
