2836 5588
540 439 578 497 37

66 646 214 706 consulari
227 645 382 704 studuerat
398 643 665 722 insuadendalege
675 644 806 723 Manilia5
822 647 913 724 ipsius
923 669 1039 724 naumis,

65 758 142 818 trib.
152 757 194 817 Pl.
205 757 304 816 fuerat
311 764 467 834 patronus.
493 756 619 835 Insuper
630 763 732 815 autem
740 775 843 815 omnes
850 757 922 816 illae
934 770 1045 820 carnae

65 867 157 927 firmis
173 865 312 927 amicitiis
328 866 541 926 constituendis
559 887 659 927 ansam
672 867 866 946 praebebant3
882 889 938 928 nec
951 871 1038 948 quid·

65 994 157 1057 quam
181 978 274 1056 magis
299 986 545 1055 consentaneum,
563 998 655 1059 quam
669 986 703 1038 ut
720 978 774 1056 qui
790 980 881 1038 nullis
897 981 1039 1068 impensis

64 1108 143 1165 rem,
171 1090 312 1164 salutem,
340 1088 474 1165 laudem,
504 1089 637 1149 fortunas
654 1096 766 1148 'omnes
784 1089 985 1166 obtinuerint,
1005 1093 1038 1150 in

63 1199 206 1278 petitione
221 1200 347 1277 gratiam
363 1200 525 1275 referrent,
546 1201 633 1259 cuius
649 1200 701 1258 vix
718 1199 779 1259 alia
791 1201 906 1259 occasio
923 1201 1037 1259 inveni-

63 1317 147 1368 retur
163 1307 216 1391 (l).
257 1309 432 1370 Praesertim
450 1309 709 1398 autemmultum
718 1310 823 1370 tribuit
840 1311 896 1388 ipsi
911 1313 1037 1370 auctori-

63 1420 179 1479 tatiset
195 1421 345 1480 amicitiae
362 1420 496 1480 defensio
513 1441 538 1478 a.
567 1441 677 1482 convrm
695 1418 754 1500 (2),
783 1443 813 1480 rr.
832 1441 962 1481 rurnnm
979 1420 1036 1503 (3),

62 1538 100 1588 et¹
115 1551 144 1594 c
169 1550 263 1589 samu
276 1526 336 1609 (4),
362 1529 443 1607 apud
466 1548 558 1608 quem
582 1529 760 1590 Praetorem
774 1531 865 1610 paulo
888 1541 957 1592 ante
981 1554 1036 1611 pro

61 1663 86 1699 c.
105 1660 251 1716 marmio,
276 1639 434 1700 maiestatis
443 1659 538 1716 ,·reo‚.
552 1638 682 1699 dixerat:
709 1641 768 1699 viri
778 1669 781 1675 ·
793 1661 897 1700 omncs
909 1670 911 1674 >
922 1642 1036 1702 civium

59 1749 248 1830 sodalitatum
273 1750 432 1828 participes
453 1757 484 1807 et
501 1749 541 1807 ad
555 1749 1038 1832 ambitionem·gratiosissimi'(5).

58 1858 170 1919 Eadem
186 1859 358 1938 eloquentia
372 1879 409 1917 ex
426 1858 585 1917 iuventute
603 1860 753 1937 optimum
765 1879 917 1938 quemque
934 1870 965 1920 et
978 1871 1037 1923 stu-

59 1970 258 2030 diosissimum
281 1971 489 2046 humanitatis,
516 1969 578 2028 imo
603 1971 760 2059 nobilium
778 1990 841 2030 non
864 1973 1037 2050 paucos'ad

59 2101 91 2141 se
103 2081 255 2141 alliciebat
265 2080 584 2163 nonnusqualeserant
594 2086 624 2140 ir.
634 2100 746 2140 criassus
751 2125 760 2155 ,
771 2103 800 2140 a.
811 2080 864 2156 fit,
876 2103 906 2141 n.
917 2103 1037 2160 samius,

58 2200 115 2251 oct.
157 2191 385 2251 Horum'studia
401 2192 435 2249 in
451 2190 657 2268 suffragando,
684 2190 716 2248 in
734 2190 889 2266 obeundo,
910 2193 943 2250 in
960 2214 1036 2253 nun-

58 2301 182 2378 tiando,¹
191 2302 224 2360 in
238 2300 409 2362 assentando
422 2300 548 2360 mirifice
561 2309 591 2358 et
604 2320 712 2378 magna
723 2309 754 2360 et
762 2301 892 2363 honesta
905 2313 973 2364 sunt
982 2304 1035 2386 (6).

94 2492 135 2566 (1)
155 2496 197 2545 De
211 2495 269 2546 Pet.
291 2493 307 2560 §
325 2494 360 2567 4,
379 2494 422 2545 38.
477 2493 535 2561 ,(2)
555 2493 586 2544 L.
601 2493 757 2546 Corvini.
793 2496 836 2548 Sic
850 2514 940 2550 omnes
955 2497 1039 2550 Godd.

54 2578 181 2646 Lagom„
201 2588 302 2646 praeter
313 2592 397 2625 unum
410 2574 462 2637 50,
478 2575 544 2641 qui,
558 2584 587 2623 ut
601 2591 676 2641 supra
690 2593 717 2642 p.
732 2578 758 2626 6.
773 2577 846 2640 dixi,
863 2577 942 2630 editio
956 2581 1038 2653 Lam-

53 2662 162 2713 biuiana
181 2675 238 2713 'esse
259 2658 369 2711 ridetur.
406 2654 456 2708 Or.
479 2653 511 2706 Ο.
534 2652 694 2706 Orobirii
716 2654 789 2722 (vel,
807 2667 836 2708 ut
857 2661 885 2709 in
907 2658 1037 2713 Onomast.

55 2743 207 2813 Orcirii)
232 2741 345 2813 praefert
364 2757 438 2807 exp.
456 2739 556 2789 Cluent.
569 2738 614 2789 94.
628 2739 680 2803 94,
699 2740 742 2792 53.
760 2740 832 2803 147,
849 2741 1037 2812 Peyronem

61 2838 184 2900 secutus,
203 2828 250 2896 qui
264 2827 294 2876 in
309 2825 400 2892 fragm.
414 2821 486 2873 iued.
500 2831 561 2893 orat.
573 2839 602 2890 p·
615 2822 684 2885 191,
702 2823 763 2875 194.
778 2841 810 2875 ex
824 2827 944 2877 monstris
958 2826 1039 2879 Gor--

54 2911 172 2966 chium
186 2920 212 2962 ct
225 2907 391 2961 Gorcbivi
406 2904 438 2957 Ο.
453 2904 650 2958 Orchivium
664 2907 783 2959 restituit.
807 2905 860 2958 Sed
873 2925 927 2959 non
941 2907 1033 2974 rideo,

53 3012 135 3067 quare
148 2996 193 3047 htc
207 2994 278 3063 idem
292 2990 338 3042 ille
353 2990 456 3042 Praetor
469 2990 616 3041 nominatus
630 2988 719 3053 fuerit,
735 2998 810 3055 atque
824 2989 878 3056 ibi;
892 3005 942 3041 nsc
956 2990 1039 3043 Gor-

55 3081 160 3135 vinus
180 3077 243 3142 hic,
268 3091 350 3145 nepos
370 3073 435 3126 forte
454 3072 627 3124 consularium
646 3074 760 3124 virorum
773 3074 819 3141 qui
833 3092 848 3124 a
864 3073 933 3127 Cic.
947 3077 1039 3127 nomi.v

55 3173 150 3217 uantur
172 3163 290 3228 Philipp.
310 3157 343 3208 Vs
363 3157 408 3220 17,
434 3157 486 3219 48,
504 3155 597 3206 itidem
611 3155 809 3224 gratiosissimus
822 3157 851 3206 in
864 3156 1039 3210 sodalitatibus

55 3264 114 3302 esse
127 3246 250 3316 potuerit.
267 3238 435 3295 Godllrfurt.
449 3248 536 3290 tamen
549 3236 629 3289 babet
643 3236 835 3309 Gborcirii.
891 3238 932 3307 (9)
953 3240 1036 3306 148,

52 3331 98 3384 49.
117 3328 215 3381 habent
237 3325 268 3378 C.
284 3322 477 3386 fundanii,
502 3320 722 3384 assumsit,
747 3337 826 3390 quare
848 3323 1038 3392 italegendum

52 3429 159 3467 censeo.
183 3411 215 3464 G.
230 3409 428 3462 Fundanius
442 3407 492 3458 fuit
506 3406 692 3459 Ciceronis
706 3406 812 3458 amicus.
837 3405 878 3458 cf.
894 3410 932 3459 ad
946 3411 1035 3472 Quint.

52 3499 77 3552 1.
97 3498 123 3548 2.
143 3496 186 3548 10.
260 3494 302 3561 (4)
328 3493 366 3546 Ile
393 3502 508 3561 tempore
536 3509 589 3561 quo
615 3489 771 3542 Gallium
796 3490 958 3557 defenderit,
982 3495 1038 3546 'non

52 3582 191 3636 concinere
213 3577 315 3630 ridetur
334 3575 464 3646 Quinto
489 3575 678 3626 Asconius:
711 3590 772 3624 nam
792 3583 821 3624 ut
841 3584 942 3643 praeter
960 3593 1037 3629 omns

51 3667 168 3720 dubium
189 3673 245 3727 est,
270 3662 336 3730 quin
355 3658 386 3729 Q.
407 3659 475 3711 hanc
496 3661 570 3729 epist.
593 3661 740 3729 scripserit,>
765 3669 824 3710 ante
837 3658 953 3712 habitam
974 3672 1037 3715 orat.

56 3755 88 3803 in
105 3750 172 3814 rog.
187 3746 280 3809 aaut„
299 3745 335 3795 sic
348 3743 414 3796 male
431 3746 500 3795 Asc.
516 3741 901 3809 dieitciceronsmpostea
914 3742 945 3813 Q.
961 3743 1040 3803 Gal-

53 3837 146 3889 lium
173 3830 338 3894 defendisse,
368 3831 479 3883 ambitus
497 3847 671 3896 reum3nam
691 3838 764 3879 antea
784 3826 874 3880 fecisse
894 3847 928 3880 ax
948 3830 997 3882 boc
1018 3831 1037 3882 l.

53 3917 261 3991 apparst‚-scil.
283 3916 509 3986 cumdcsignatus
531 3923 584 3966 erat
606 3912 763 3975 Gallius,
788 3928 837 3963 nec
856 3912 938 3964 adhuc
952 3915 1041 3982 magi-

59 4014 168 4057 stratum
182 4003 282 4055 inierat.
301 4000 402 4052 Praetor
409 4010 492 4051 autem
501 4000 550 4051 fuit
558 4017 581 4050 a.
589 4015 616 4048 u.
625 3998 684 4050 688.
743 3996 785 4062 (5)
806 3996 848 4045 De
855 3997 912 4048 Pet.
922 3997 989 4063 ott,
999 3999 1041 4052 51.

62 4087 108 4156 (s)
130 4088 178 4139 ne.
197 4089 254 4140 re.
271 4084 334 4152 oa,
352 4085 384 4150 c,
399 4084 442 4135 aa.
