2836 5588
539 409 576 467 23

104 615 200 694 llagni
216 615 321 694 ‘pretii
352 614 579 692 argumentum,
613 620 675 692 quo
707 633 806 678 arsuro
837 614 1041 678 adiudicarem

62 727 241 807 opuseulum
247 773 257 805 ,
275 740 338 788 esse
355 725 449 786 credo
458 726 496 785 ¹iu
511 726 575 806 ipsa
588 725 877 805 similitudine'quae
891 728 971 789 inter
984 729 1041 789 hu·
1078 779 1089 800 ,

60 838 109 898 ius
135 838 279 917 epistolae
294 834 537 917 quosdamlocos
555 845 599 898 est
612 856 684 898 cum
701 836 739 896 iis
755 846 834 915 quae
849 838 937 899 nohis
953 860 990 899 ex
1008 861 1039 900 rr.

59 950 195 1010 oratioue
217 951 253 1008 'itt
273 941 364 1030 'Tege
386 949 525 1012 comm
549 950 676 1028 restant,
703 947 787 1010 unde
802 957 884 1027 patet
892 950 947 1028 ,i
961 950 1039 1030 quid

58 1060 168 1137 ride0,
192 1082 223 1122 n.
247 1082 415 1138 monnounu,
442 1082 504 1122 non
526 1061 584 1121 nisi
609 1062 688 1122 lecto
713 1061 772 1121 hoo
795 1081 888 1126 annm
909 1063 1038 1142 scripto,

58 1173 225 1234 orationem
249 1173 333 1234 illam
354 1174 388 1234 in
405 1174 515 1235 Senatu
531 1173 688 1237 habuisse:
710 1173 823 1232 etenim
838 1173 979 1252 putidum
995 1173 1038 1234 fo·

57 1296 106 1347 ret
132 1286 250 1363 dicere,
274 1288 320 1346 bis
343 1287 408 1348 fere
434 1287 517 1349 idem
540 1287 687 1366 scripsisse
703 1307 864 1366 nonnosus,
885 1289 951 1347 tum
969 1304 1039 1348 saue

59 1400 93 1460 in
119 1398 285 1460 invehendi
310 1401 427 1461 ratione
453 1400 487 1458 in
511 1417 648 1460 auronius
673 1405 703 1457 et
723 1417 870 1458 earnmsn
890 1396 1038 1458 diversam

56 1512 138 1572 viam
152 1509 341 1586 instituisset,
356 1529 449 1589 quam
463 1509 497 1567 in
510 1509 669 1570 subornato
681 1507 769 1568 fratri
784 1486 927 1587 opusculo
930 1533 939 1587 3
954 1528 1038 1569 nuno

57 1629 161 1684 autem
184 1620 285 1697 vides,
305 1628 335 1681 et
352 1619 499 1698 placuisse
515 1619 591 1698 ipsi,
611 1639 690 1698 quae
704 1641 732 1682 o
750 1620 808 1678 hac
826 1619 865 1678 de
882 1638 916 1678 re
934 1626 1037 1678 ornate

57 1741 90 1792 et
112 1731 229 1810 copiose
252 1731 383 1805 dixerat,
410 1736 441 1789 et
457 1749 563 1790 eorum
580 1728 655 1788 adeo
671 1727 859 1804 meminisse,
879 1735 915 1787 ut
933 1727 966 1786 in
984 1748 1038 1788 sua

55 1843 155 1904 subito
180 1843 262 1903 dieta
286 1842 438 1915 oratione,
465 1860 544 1919 quae
561 1859 703 1915 ons-sunu,
723 1838 800 1898 Trib.
818 1837 878 1913 Pl.,
896 1839 1035 1898 interces-

53 1958 139 2018 sione
161 1956 195 2016 in
219 1955 330 2015 Senatu
357 1952 485 2013 excitata
499 1952 599 2013 fuerat
616 1950 679 2032 (l),
702 1951 786 2010 hisee
806 1951 1035 2030 cogitationibus

56 2067 200 2141 obrutus,
219 2064 336 2143 saepius
352 2061 480 2124 eandem
495 2062 561 2123 fere
577 2061 768 2137 sententiam,
788 2061 841 2120 sed
858 2063 952 2139 magis
965 2081 1032 2122 oon-

57 2177 215 2239 tumeliose
231 2183 263 2234 et
278 2173 386 2235 maiori
402 2194 474 2234 oum
490 2172 714 2251 indignatione,
733 2169 902 2249 protulerit.

97 2287 235 2366 Denique
256 2285 361 2364 siipse
377 2306 408 2343 n.
426 2284 502 2344 haec
510 2329 519 2360 ,
540 2282 596 2342 sub
612 2303 706 2358 sumn
720 2301 847 2360 persona
863 2281 1037 2361 scripsisset,

54 2401 176 2462 locutus
192 2397 296 2457 fuisset
313 2396 352 2456 de
367 2395 518 2475 proposito
532 2394 567 2452 in
581 2393 709 2455 Galliam
722 2393 831 2453 itinere
846 2391 905 2475 (2),
921 2393 960 2455 de
975 2414 1036 2475 quo

56 2530 143 2573 nune
166 2516 245 2571 tacet
271 2529 317 2587 e,
344 2507 441 2568 multa
466 2506 505 2566 de
527 2527 618 2567 samu
639 2525 743 2581 causa,
768 2525 847 2584 quae
863 2505 956 2584 ipsius
973 2505 1036 2568 ani·

56 2641 146 2681 mum
177 2618 330 2679 obsidebat
345 2615 408 2695 (3),
437 2616 528 2674 verba
554 2615 688 2689 fecisset,
717 2634 809 2692 quam
835 2637 864 2678 o.
890 2637 952 2676 non
976 2617 1035 2677 nisi

54 2729 172 2809 attigit,
198 2726 302 2787 dicens
317 2722 379 2806 (4):
405 2744 494 2803 »quo
518 2722 608 2784 modo
634 2724 658 2783 si
678 2723 733 2802 qui
755 2732 858 2802 roget,
879 2734 1035 2788 utcontra

22 2827 25 2839 ¹
53 2841 190 2905 amicum
215 2837 349 2915 aliquem
371 2854 491 2895 causam
511 2834 692 2914 recipiamus
698 2839 728 2913 ;''
743 2857 770 2895 n.
788 2822 1035 2898 mnnrs'laudi-

54 2955 115 3016 bus
136 2949 327 3025 celebrasset,
355 2967 446 3007 armos
467 2946 501 3006 in
517 2945 632 3006 nobiles
649 2946 858 3007 auctoritatem
874 2967 1034 3011 memoras·

55 3073 120 3142 set,
155 3061 252 3122 multo
283 3057 379 3136 magis
408 3076 461 3118 sua
491 3058 524 3116 in
556 3077 712 3134 nouenos,
745 3058 875 3120 suasoria
897 3061 1032 3123 oratione
1080 3138 1088 3155 .

54 3196 112 3257 pro
127 3174 204 3252 ‘lege
229 3168 350 3230 llanilia
372 3169 489 3245 habita,
516 3168 660 3229 beneficia
677 3169 845 3248 extulisset,
867 3173 1034 3254 municipia

55 3289 275 3358 enumerasset,
301 3300 381 3360 quae
403 3280 467 3340 eius
485 3298 606 3341 eausam
621 3279 803 3359 fulciebant3
823 3290 937 3343 eeteros
952 3304 1032 3345 com·

54 3398 213 3480 petitores,
227 3411 397 3455 murmuris
411 3399 442 3451 et
453 3411 589 3466 munos,
602 3410 663 3450 non
671 3390 827 3470 omisisset3
837 3394 917 3453 etsie
925 3415 1029 3474 porro:

55 3525 138 3589 quae
163 3503 265 3566 omnia
290 3503 427 3565 omittere
451 3511 504 3564 aut
529 3502 637 3562 leviter
661 3501 840 3563 adumbrare
861 3523 954 3592 onum
970 3526 1033 3566 esse

56 3617 180 3694 debuit,
209 3615 362 3678 celebrare
390 3623 491 3679 autem
519 3622 609 3695 atque
633 3623 808 3695 computare
836 3636 866 3676 n.
892 3637 954 3677 non
979 3637 1029 3678 ne·

58 3727 206 3812 glexisset.

89 3993 131 4060 (1)
152 3989 271 4043 Asson.
285 3986 317 4038 ad
331 3985 358 4036 h.
374 3986 392 4036 l.
406 4003 432 4054 p.
446 3986 489 4037 83.
505 3982 553 4037 Or.
625 3984 666 4050 (2)
687 3983 728 4036 (li.
745 3985 798 4051 Ep.
813 3985 848 4035 ud
862 3985 1027 4036 Att.1.1.2.

54 4075 99 4145 (3)
117 4074 184 4128 ibid.
198 4074 223 4124 3.
297 4069 338 4137 (l)
359 4069 398 4121 De
413 4071 469 4120 Pet.
487 4067 558 4133 ote.
