<?xml version="1.0" encoding="UTF-8"?>
<!DOCTYPE html PUBLIC "-//W3C//DTD XHTML 1.0 Transitional//EN"
    "http://www.w3.org/TR/xhtml1/DTD/xhtml1-transitional.dtd">
<html xmlns="http://www.w3.org/1999/xhtml" xml:lang="en" lang="en">
 <head>
  <title>
</title>
<meta http-equiv="Content-Type" content="text/html;charset=utf-8" />
  <meta name='ocr-system' content='tesseract 3.04.00' />
  <meta name='ocr-capabilities' content='ocr_page ocr_carea ocr_par ocr_line ocrx_word'/>
</head>
<body>
  <div class='ocr_page' id='page_1' title='image "./specimenliterar00tydegoog_0014.png"; bbox 0 0 2836 5588; ppageno 0'>
   <div class='ocr_carea' id='block_1_1' title="bbox 548 471 566 529">
    <p class='ocr_par' dir='ltr' id='par_1_1' title="bbox 548 471 566 529">
     <span class='ocr_line' id='line_1_1' title="bbox 548 471 566 529; baseline 0 0"><span class='ocrx_word' id='word_1_1' title='bbox 548 471 566 529; x_wconf 76' lang='lat'><strong>3</strong></span> 
     </span>
    </p>
   </div>
   <div class='ocr_carea' id='block_1_2' title="bbox 60 674 1056 2414">
    <p class='ocr_par' dir='ltr' id='par_1_2' title="bbox 60 674 1040 1863">
     <span class='ocr_line' id='line_1_2' title="bbox 62 674 1033 754; baseline 0.002 -19"><span class='ocrx_word' id='word_1_2' title='bbox 62 685 128 735; x_wconf 81' lang='lat' dir='ltr'><strong>ctus</strong></span> <span class='ocrx_word' id='word_1_3' title='bbox 142 677 180 735; x_wconf 92' lang='lat' dir='ltr'><strong>sis</strong></span> <span class='ocrx_word' id='word_1_4' title='bbox 187 701 196 754; x_wconf 77' lang='lat'>5</span> <span class='ocrx_word' id='word_1_5' title='bbox 218 676 387 736; x_wconf 82' lang='lat' dir='ltr'><strong>cavendum</strong></span> <span class='ocrx_word' id='word_1_6' title='bbox 408 694 478 734; x_wconf 85' lang='lat' dir='ltr'><strong>vero</strong></span> <span class='ocrx_word' id='word_1_7' title='bbox 489 675 529 733; x_wconf 87' lang='lat' dir='ltr'><strong>ab</strong></span> <span class='ocrx_word' id='word_1_8' title='bbox 540 674 758 735; x_wconf 78' lang='lat' dir='ltr'><strong>insidiatoribus</strong></span> <span class='ocrx_word' id='word_1_9' title='bbox 771 684 801 734; x_wconf 92' lang='lat' dir='ltr'><strong>et</strong></span> <span class='ocrx_word' id='word_1_10' title='bbox 813 675 943 754; x_wconf 88' lang='lat' dir='ltr'><strong>perfidis.</strong></span> <span class='ocrx_word' id='word_1_11' title='bbox 956 711 972 722; x_wconf 89' lang='lat'>-</span> <span class='ocrx_word' id='word_1_12' title='bbox 986 678 1033 737; x_wconf 81' lang='lat' dir='ltr'><strong>nd</strong></span> 
     </span>
     <span class='ocr_line' id='line_1_3' title="bbox 64 788 1037 869; baseline 0.003 -22"><span class='ocrx_word' id='word_1_13' title='bbox 64 789 242 867; x_wconf 78' lang='lat' dir='ltr'>popularem</span> <span class='ocrx_word' id='word_1_14' title='bbox 256 788 403 848; x_wconf 89' lang='lat' dir='ltr'><strong>rationem</strong></span> <span class='ocrx_word' id='word_1_15' title='bbox 420 788 567 865; x_wconf 89' lang='lat' dir='ltr'><strong>pertinet,</strong></span> <span class='ocrx_word' id='word_1_16' title='bbox 589 795 622 859; x_wconf 86' lang='lat' dir='ltr'><strong>ut</strong></span> <span class='ocrx_word' id='word_1_17' title='bbox 639 807 752 863; x_wconf 89' lang='lat' dir='ltr'><strong>omnes,</strong></span> <span class='ocrx_word' id='word_1_18' title='bbox 771 789 864 867; x_wconf 81' lang='lat' dir='ltr'><strong>ipsam</strong></span> <span class='ocrx_word' id='word_1_19' title='bbox 881 789 957 850; x_wconf 88' lang='lat' dir='ltr'><strong>adeo</strong></span> <span class='ocrx_word' id='word_1_20' title='bbox 970 791 1037 869; x_wconf 96' lang='lat' dir='ltr'><strong>ple-</strong></span> 
     </span>
     <span class='ocr_line' id='line_1_4' title="bbox 63 897 1037 975; baseline 0.002 -17"><span class='ocrx_word' id='word_1_21' title='bbox 63 901 135 958; x_wconf 90' lang='lat' dir='ltr'><strong>bem</strong></span> <span class='ocrx_word' id='word_1_22' title='bbox 151 918 273 959; x_wconf 88' lang='lat' dir='ltr'><strong>noscere</strong></span> <span class='ocrx_word' id='word_1_23' title='bbox 287 898 414 958; x_wconf 79' lang='lat' dir='ltr'><strong>videaris</strong></span> <span class='ocrx_word' id='word_1_24' title='bbox 421 944 430 973; x_wconf 90' lang='lat'><strong>,</strong></span> <span class='ocrx_word' id='word_1_25' title='bbox 451 897 590 958; x_wconf 89' lang='lat' dir='ltr'><strong>omuibus</strong></span> <span class='ocrx_word' id='word_1_26' title='bbox 597 897 759 957; x_wconf 81' lang='lat' dir='ltr'><strong>benevolus</strong></span> <span class='ocrx_word' id='word_1_27' title='bbox 774 899 824 975; x_wconf 92' lang='lat' dir='ltr'><strong>sis,</strong></span> <span class='ocrx_word' id='word_1_28' title='bbox 843 899 921 960; x_wconf 90' lang='lat' dir='ltr'><strong>bene</strong></span> <span class='ocrx_word' id='word_1_29' title='bbox 934 901 1037 961; x_wconf 79' lang='lat' dir='ltr'><strong>audias</strong></span> 
     </span>
     <span class='ocr_line' id='line_1_5' title="bbox 60 1007 1036 1089; baseline 0.002 -21"><span class='ocrx_word' id='word_1_30' title='bbox 60 1018 94 1069; x_wconf 91' lang='lat' dir='ltr'><strong>et</strong></span> <span class='ocrx_word' id='word_1_31' title='bbox 114 1010 250 1069; x_wconf 87' lang='lat' dir='ltr'><strong>&#39;multum</strong></span> <span class='ocrx_word' id='word_1_32' title='bbox 275 1007 314 1068; x_wconf 89' lang='lat' dir='ltr'><strong>de</strong></span> <span class='ocrx_word' id='word_1_33' title='bbox 340 1016 371 1068; x_wconf 88' lang='lat' dir='ltr'><strong>te</strong></span> <span class='ocrx_word' id='word_1_34' title='bbox 395 1016 514 1088; x_wconf 80' lang='lat' dir='ltr'><strong>sperent</strong></span> <span class='ocrx_word' id='word_1_35' title='bbox 539 1008 571 1066; x_wconf 92' lang='lat' dir='ltr'><strong>in</strong></span> <span class='ocrx_word' id='word_1_36' title='bbox 596 1008 669 1087; x_wconf 88' lang='lat' dir='ltr'><strong>Rep.</strong></span> <span class='ocrx_word' id='word_1_37' title='bbox 719 1008 784 1068; x_wconf 90' lang='lat' dir='ltr'><strong>Non</strong></span> <span class='ocrx_word' id='word_1_38' title='bbox 810 1017 909 1069; x_wconf 91' lang='lat' dir='ltr'><strong>tamen</strong></span> <span class='ocrx_word' id='word_1_39' title='bbox 934 1018 1036 1089; x_wconf 79' lang='lat' dir='ltr'><strong>tegere</strong></span> 
     </span>
     <span class='ocr_line' id='line_1_6' title="bbox 61 1118 1037 1199; baseline 0 -20"><span class='ocrx_word' id='word_1_40' title='bbox 61 1120 165 1179; x_wconf 85' lang='lat' dir='ltr'><strong>studet</strong></span> <span class='ocrx_word' id='word_1_41' title='bbox 180 1141 305 1196; x_wconf 81' lang='lat' dir='ltr'><strong>cunnus,</strong></span> <span class='ocrx_word' id='word_1_42' title='bbox 324 1139 416 1199; x_wconf 88' lang='lat' dir='ltr'><strong>quam</strong></span> <span class='ocrx_word' id='word_1_43' title='bbox 432 1118 553 1179; x_wconf 92' lang='lat' dir='ltr'><strong>difficile</strong></span> <span class='ocrx_word' id='word_1_44' title='bbox 569 1119 621 1195; x_wconf 90' lang='lat' dir='ltr'><strong>sit,</strong></span> <span class='ocrx_word' id='word_1_45' title='bbox 638 1120 672 1178; x_wconf 95' lang='lat' dir='ltr'><strong>in</strong></span> <span class='ocrx_word' id='word_1_46' title='bbox 688 1127 771 1179; x_wconf 86' lang='lat' dir='ltr'><strong>tanta</strong></span> <span class='ocrx_word' id='word_1_47' title='bbox 786 1120 943 1179; x_wconf 91' lang='lat' dir='ltr'><strong>hominum</strong></span> <span class='ocrx_word' id='word_1_48' title='bbox 955 1123 1037 1181; x_wconf 90' lang='lat' dir='ltr'><strong>mul-</strong></span> 
     </span>
     <span class='ocr_line' id='line_1_7' title="bbox 64 1230 1038 1309; baseline 0.003 -20"><span class='ocrx_word' id='word_1_49' title='bbox 64 1231 213 1308; x_wconf 88' lang='lat' dir='ltr'><strong>titudine,</strong></span> <span class='ocrx_word' id='word_1_50' title='bbox 243 1239 303 1291; x_wconf 85' lang='lat' dir='ltr'><strong>tam</strong></span> <span class='ocrx_word' id='word_1_51' title='bbox 328 1231 512 1290; x_wconf 83' lang='lat' dir='ltr'><strong>diversarum</strong></span> <span class='ocrx_word' id='word_1_52' title='bbox 537 1230 671 1309; x_wconf 89' lang='lat' dir='ltr'><strong>partium</strong></span> <span class='ocrx_word' id='word_1_53' title='bbox 697 1237 728 1288; x_wconf 90' lang='lat' dir='ltr'><strong>et</strong></span> <span class='ocrx_word' id='word_1_54' title='bbox 749 1230 880 1307; x_wconf 77' lang='lat' dir='ltr'><strong>ingenii,</strong></span> <span class='ocrx_word' id='word_1_55' title='bbox 901 1231 1038 1292; x_wconf 91' lang='lat' dir='ltr'><strong>omuibus</strong></span> 
     </span>
     <span class='ocr_line' id='line_1_8' title="bbox 63 1340 1038 1421; baseline 0.002 -20"><span class='ocrx_word' id='word_1_56' title='bbox 63 1343 195 1421; x_wconf 89' lang='lat' dir='ltr'><strong>placere:</strong></span> <span class='ocrx_word' id='word_1_57' title='bbox 210 1343 313 1420; x_wconf 80' lang='lat' dir='ltr'><strong>inquo</strong></span> <span class='ocrx_word' id='word_1_58' title='bbox 325 1350 426 1401; x_wconf 92' lang='lat' dir='ltr'><strong>tamen</strong></span> <span class='ocrx_word' id='word_1_59' title='bbox 437 1343 571 1402; x_wconf 90' lang='lat' dir='ltr'><strong>multum</strong></span> <span class='ocrx_word' id='word_1_60' title='bbox 580 1340 749 1419; x_wconf 86' lang='lat' dir='ltr'><strong>eloquentia</strong></span> <span class='ocrx_word' id='word_1_61' title='bbox 761 1342 853 1420; x_wconf 80' lang='lat' dir='ltr'><strong>valet3</strong></span> <span class='ocrx_word' id='word_1_62' title='bbox 864 1349 955 1421; x_wconf 80' lang='lat' dir='ltr'><strong>atque</strong></span> <span class='ocrx_word' id='word_1_63' title='bbox 963 1343 1038 1404; x_wconf 88' lang='lat' dir='ltr'><strong>adeo</strong></span> 
     </span>
     <span class='ocr_line' id='line_1_9' title="bbox 62 1450 1039 1532; baseline 0.004 -22"><span class='ocrx_word' id='word_1_64' title='bbox 62 1452 147 1512; x_wconf 92' lang='lat' dir='ltr'><strong>haud</strong></span> <span class='ocrx_word' id='word_1_65' title='bbox 178 1453 264 1532; x_wconf 84' lang='lat' dir='ltr'><strong>parvi</strong></span> <span class='ocrx_word' id='word_1_66' title='bbox 295 1452 441 1511; x_wconf 88' lang='lat' dir='ltr'><strong>momenti</strong></span> <span class='ocrx_word' id='word_1_67' title='bbox 465 1460 526 1526; x_wconf 89' lang='lat' dir='ltr'><strong>est,</strong></span> <span class='ocrx_word' id='word_1_68' title='bbox 556 1450 706 1509; x_wconf 83' lang='lat' dir='ltr'><strong>interdum</strong></span> <span class='ocrx_word' id='word_1_69' title='bbox 731 1451 944 1530; x_wconf 77' lang='lat' dir='ltr'><strong>largientibus,</strong></span> <span class='ocrx_word' id='word_1_70' title='bbox 971 1474 1039 1514; x_wconf 90' lang='lat' dir='ltr'><strong>cor-</strong></span> 
     </span>
     <span class='ocr_line' id='line_1_10' title="bbox 62 1561 1038 1643; baseline 0.004 -22"><span class='ocrx_word' id='word_1_71' title='bbox 62 1563 253 1643; x_wconf 85' lang='lat' dir='ltr'><strong>ruptoribus,</strong></span> <span class='ocrx_word' id='word_1_72' title='bbox 274 1563 403 1623; x_wconf 85' lang='lat' dir='ltr'><strong>ambitus</strong></span> <span class='ocrx_word' id='word_1_73' title='bbox 415 1561 561 1636; x_wconf 86' lang='lat' dir='ltr'><strong>studiosis,</strong></span> <span class='ocrx_word' id='word_1_74' title='bbox 576 1561 757 1622; x_wconf 89' lang='lat' dir='ltr'><strong>iudiciorum</strong></span> <span class='ocrx_word' id='word_1_75' title='bbox 769 1571 885 1622; x_wconf 90' lang='lat' dir='ltr'><strong>metum</strong></span> <span class='ocrx_word' id='word_1_76' title='bbox 900 1564 1038 1641; x_wconf 88' lang='lat' dir='ltr'><strong>iniicere,</strong></span> 
     </span>
     <span class='ocr_line' id='line_1_11' title="bbox 60 1648 1040 1752; baseline 0.002 -20"><span class='ocrx_word' id='word_1_77' title='bbox 60 1682 97 1732; x_wconf 90' lang='lat' dir='ltr'><strong>ut</strong></span> <span class='ocrx_word' id='word_1_78' title='bbox 122 1674 164 1733; x_wconf 87' lang='lat' dir='ltr'><strong>ita</strong></span> <span class='ocrx_word' id='word_1_79' title='bbox 189 1648 319 1752; x_wconf 89' lang='lat' dir='ltr'><strong>perculsi</strong></span> <span class='ocrx_word' id='word_1_80' title='bbox 342 1672 538 1733; x_wconf 88' lang='lat' dir='ltr'><strong>admiratione</strong></span> <span class='ocrx_word' id='word_1_81' title='bbox 559 1673 605 1733; x_wconf 88' lang='lat' dir='ltr'><strong>tui</strong></span> <span class='ocrx_word' id='word_1_82' title='bbox 628 1673 728 1751; x_wconf 89' lang='lat' dir='ltr'><strong>potius</strong></span> <span class='ocrx_word' id='word_1_83' title='bbox 745 1692 837 1752; x_wconf 87' lang='lat' dir='ltr'><strong>quam</strong></span> <span class='ocrx_word' id='word_1_84' title='bbox 854 1676 1040 1736; x_wconf 81' lang='lat' dir='ltr'><strong>accusatione</strong></span> 
     </span>
     <span class='ocr_line' id='line_1_12' title="bbox 60 1781 657 1863; baseline 0.005 -23"><span class='ocrx_word' id='word_1_85' title='bbox 60 1783 163 1844; x_wconf 82' lang='lat' dir='ltr'><strong>lutura</strong></span> <span class='ocrx_word' id='word_1_86' title='bbox 182 1781 352 1863; x_wconf 80' lang='lat' dir='ltr'><strong>perterriti,</strong></span> <span class='ocrx_word' id='word_1_87' title='bbox 372 1785 428 1842; x_wconf 91' lang='lat' dir='ltr'><strong>tibi</strong></span> <span class='ocrx_word' id='word_1_88' title='bbox 448 1783 657 1861; x_wconf 76' lang='lat' dir='ltr'><strong>suffragentur.</strong></span> 
     </span>
    </p>

    <p class='ocr_par' dir='ltr' id='par_1_3' title="bbox 60 1893 1056 2414">
     <span class='ocr_line' id='line_1_13' title="bbox 104 1893 1056 1973; baseline 0.004 -21"><span class='ocrx_word' id='word_1_89' title='bbox 104 1894 247 1954; x_wconf 91' lang='lat' dir='ltr'><strong>llcnestae</strong></span> <span class='ocrx_word' id='word_1_90' title='bbox 274 1913 344 1953; x_wconf 88' lang='lat' dir='ltr'><strong>sane</strong></span> <span class='ocrx_word' id='word_1_91' title='bbox 369 1893 537 1972; x_wconf 89' lang='lat' dir='ltr'><strong>petitionis,</strong></span> <span class='ocrx_word' id='word_1_92' title='bbox 563 1894 626 1952; x_wconf 91' lang='lat' dir='ltr'><strong>sine</strong></span> <span class='ocrx_word' id='word_1_93' title='bbox 648 1893 761 1953; x_wconf 89' lang='lat' dir='ltr'><strong>ambitu</strong></span> <span class='ocrx_word' id='word_1_94' title='bbox 785 1901 816 1952; x_wconf 88' lang='lat' dir='ltr'><strong>et</strong></span> <span class='ocrx_word' id='word_1_95' title='bbox 833 1894 991 1973; x_wconf 78' lang='lat' dir='ltr'><strong>largitione</strong></span> <span class='ocrx_word' id='word_1_96' title='bbox 1008 1894 1056 1956; x_wconf 74' lang='lat' dir='ltr'><strong>etv</strong></span> 
     </span>
     <span class='ocr_line' id='line_1_14' title="bbox 60 2002 1040 2085; baseline 0.002 -21"><span class='ocrx_word' id='word_1_97' title='bbox 60 2003 193 2064; x_wconf 75' lang='lat' dir='ltr'><strong>coitione</strong></span> <span class='ocrx_word' id='word_1_98' title='bbox 214 2002 437 2077; x_wconf 85' lang='lat' dir='ltr'><strong>instituendae,</strong></span> <span class='ocrx_word' id='word_1_99' title='bbox 464 2021 534 2062; x_wconf 90' lang='lat' dir='ltr'><strong>ecce</strong></span> <span class='ocrx_word' id='word_1_100' title='bbox 549 2003 831 2080; x_wconf 82' lang='lat' dir='ltr'><strong>praestantissimum</strong></span> <span class='ocrx_word' id='word_1_101' title='bbox 849 2007 1040 2085; x_wconf 83' lang='lat' dir='ltr'><strong>exemplum,</strong></span> 
     </span>
     <span class='ocr_line' id='line_1_15' title="bbox 62 2111 1040 2193; baseline 0.004 -22"><span class='ocrx_word' id='word_1_102' title='bbox 62 2112 148 2192; x_wconf 93' lang='lat' dir='ltr'><strong>quod</strong></span> <span class='ocrx_word' id='word_1_103' title='bbox 173 2113 307 2191; x_wconf 87' lang='lat' dir='ltr'><strong>quamvis</strong></span> <span class='ocrx_word' id='word_1_104' title='bbox 331 2112 476 2191; x_wconf 87' lang='lat' dir='ltr'><strong>imprimis</strong></span> <span class='ocrx_word' id='word_1_105' title='bbox 502 2111 540 2172; x_wconf 91' lang='lat' dir='ltr'><strong>ad</strong></span> <span class='ocrx_word' id='word_1_106' title='bbox 561 2133 591 2171; x_wconf 80' lang='lat' dir='ltr'><strong>n.</strong></span> <span class='ocrx_word' id='word_1_107' title='bbox 613 2133 765 2172; x_wconf 76' lang='lat' dir='ltr'><strong>cronacum</strong></span> <span class='ocrx_word' id='word_1_108' title='bbox 789 2113 915 2193; x_wconf 90' lang='lat' dir='ltr'><strong>eiusque</strong></span> <span class='ocrx_word' id='word_1_109' title='bbox 938 2116 971 2174; x_wconf 96' lang='lat' dir='ltr'><strong>in</strong></span> <span class='ocrx_word' id='word_1_110' title='bbox 994 2118 1040 2175; x_wconf 89' lang='lat' dir='ltr'><strong>ci-</strong></span> 
     </span>
     <span class='ocr_line' id='line_1_16' title="bbox 64 2199 1040 2304; baseline 0.007 -24"><span class='ocrx_word' id='word_1_111' title='bbox 64 2223 156 2282; x_wconf 82' lang='lat' dir='ltr'><strong>vitate</strong></span> <span class='ocrx_word' id='word_1_112' title='bbox 179 2222 307 2281; x_wconf 87' lang='lat' dir='ltr'><strong>rationes</strong></span> <span class='ocrx_word' id='word_1_113' title='bbox 330 2222 496 2300; x_wconf 88' lang='lat' dir='ltr'><strong>pertineat,</strong></span> <span class='ocrx_word' id='word_1_114' title='bbox 523 2230 624 2280; x_wconf 91' lang='lat' dir='ltr'><strong>tamen</strong></span> <span class='ocrx_word' id='word_1_115' title='bbox 651 2223 790 2283; x_wconf 81' lang='lat' dir='ltr'><strong>universe</strong></span> <span class='ocrx_word' id='word_1_116' title='bbox 816 2199 938 2304; x_wconf 77' lang='lat' dir='ltr'><strong>quoque</strong></span> <span class='ocrx_word' id='word_1_117' title='bbox 965 2228 1040 2287; x_wconf 89' lang='lat' dir='ltr'><strong>utile</strong></span> 
     </span>
     <span class='ocr_line' id='line_1_17' title="bbox 60 2324 1040 2414; baseline 0.005 -22"><span class='ocrx_word' id='word_1_118' title='bbox 60 2353 125 2392; x_wconf 86' lang='lat' dir='ltr'><strong>esse</strong></span> <span class='ocrx_word' id='word_1_119' title='bbox 140 2340 258 2410; x_wconf 84' lang='lat' dir='ltr'><strong>poterat</strong></span> <span class='ocrx_word' id='word_1_120' title='bbox 275 2324 412 2392; x_wconf 81' lang='lat' dir='ltr'><strong>omnibus</strong></span> <span class='ocrx_word' id='word_1_121' title='bbox 429 2331 621 2392; x_wconf 83' lang='lat' dir='ltr'><strong>Consulatum</strong></span> <span class='ocrx_word' id='word_1_122' title='bbox 634 2335 819 2411; x_wconf 83' lang='lat' dir='ltr'><strong>petentibus:</strong></span> <span class='ocrx_word' id='word_1_123' title='bbox 840 2356 901 2414; x_wconf 88' lang='lat' dir='ltr'><strong>quo</strong></span> <span class='ocrx_word' id='word_1_124' title='bbox 916 2339 1040 2398; x_wconf 89' lang='lat' dir='ltr'><strong>consilio</strong></span> 
     </span>
    </p>
   </div>
   <div class='ocr_carea' id='block_1_3' title="bbox 59 2442 1040 2527">
    <p class='ocr_par' dir='ltr' id='par_1_4' title="bbox 59 2442 1040 2527">
     <span class='ocr_line' id='line_1_18' title="bbox 59 2442 1040 2527; baseline 0.006 -25"><span class='ocrx_word' id='word_1_125' title='bbox 59 2445 144 2503; x_wconf 91' lang='lat' dir='ltr'><strong>misit</strong></span> <span class='ocrx_word' id='word_1_126' title='bbox 166 2445 257 2503; x_wconf 88' lang='lat' dir='ltr'><strong>etiam</strong></span> <span class='ocrx_word' id='word_1_127' title='bbox 279 2444 358 2504; x_wconf 89' lang='lat' dir='ltr'><strong>hanc</strong></span> <span class='ocrx_word' id='word_1_128' title='bbox 382 2442 471 2504; x_wconf 87' lang='lat' dir='ltr'><strong>fratri</strong></span> <span class='ocrx_word' id='word_1_129' title='bbox 496 2463 608 2508; x_wconf 77' lang='lat' dir='ltr'><strong>numum</strong></span> <span class='ocrx_word' id='word_1_130' title='bbox 634 2445 808 2522; x_wconf 88' lang='lat' dir='ltr'><strong>epistolam:</strong></span> <span class='ocrx_word' id='word_1_131' title='bbox 832 2449 887 2527; x_wconf 91' lang='lat' dir='ltr'><strong>qui</strong></span> <span class='ocrx_word' id='word_1_132' title='bbox 909 2469 994 2526; x_wconf 91' lang='lat' dir='ltr'><strong>eam,</strong></span> <span class='ocrx_word' id='word_1_133' title='bbox 1015 2450 1040 2510; x_wconf 92' lang='lat' dir='ltr'><strong>si</strong></span> 
     </span>
    </p>
   </div>
   <div class='ocr_carea' id='block_1_4' title="bbox 61 2555 1039 2725">
    <p class='ocr_par' dir='ltr' id='par_1_5' title="bbox 61 2555 1039 2725">
     <span class='ocr_line' id='line_1_19' title="bbox 61 2555 1039 2638; baseline 0.004 -22"><span class='ocrx_word' id='word_1_134' title='bbox 61 2575 136 2635; x_wconf 89' lang='lat' dir='ltr'><strong>opus</strong></span> <span class='ocrx_word' id='word_1_135' title='bbox 160 2562 252 2630; x_wconf 89' lang='lat' dir='ltr'><strong>esset,</strong></span> <span class='ocrx_word' id='word_1_136' title='bbox 278 2555 459 2632; x_wconf 80' lang='lat' dir='ltr'><strong>corrigeret,</strong></span> <span class='ocrx_word' id='word_1_137' title='bbox 486 2563 521 2615; x_wconf 87' lang='lat' dir='ltr'><strong>ut</strong></span> <span class='ocrx_word' id='word_1_138' title='bbox 541 2556 584 2614; x_wconf 92' lang='lat' dir='ltr'><strong>ita</strong></span> <span class='ocrx_word' id='word_1_139' title='bbox 600 2555 768 2631; x_wconf 85' lang='lat' dir='ltr'><strong>perlectum</strong></span> <span class='ocrx_word' id='word_1_140' title='bbox 784 2555 870 2619; x_wconf 82' lang='lat' dir='ltr'><strong>fieret</strong></span> <span class='ocrx_word' id='word_1_141' title='bbox 886 2561 1039 2638; x_wconf 89' lang='lat' dir='ltr'><strong>petitionis</strong></span> 
     </span>
     <span class='ocr_line' id='line_1_20' title="bbox 62 2664 353 2725; baseline -0.017 0"><span class='ocrx_word' id='word_1_142' title='bbox 62 2664 353 2725; x_wconf 85' lang='lat' dir='ltr'><strong>commentariolum.</strong></span> 
     </span>
    </p>
   </div>
   <div class='ocr_carea' id='block_1_5' title="bbox 525 2773 584 2789">
    <p class='ocr_par' dir='ltr' id='par_1_6' title="bbox 525 2773 584 2789">
     <span class='ocr_line' id='line_1_21' title="bbox 525 2773 584 2789; baseline 0 0"><span class='ocrx_word' id='word_1_143' title='bbox 525 2773 584 2789; x_wconf 42' lang='grc' dir='ltr'><strong><em>ἡ</em></strong></span> 
     </span>
    </p>
   </div>
   <div class='ocr_carea' id='block_1_6' title="bbox 61 2868 1049 3860">
    <p class='ocr_par' dir='ltr' id='par_1_7' title="bbox 61 2868 1049 3407">
     <span class='ocr_line' id='line_1_22' title="bbox 102 2868 1049 2959; baseline 0.004 -15"><span class='ocrx_word' id='word_1_144' title='bbox 102 2884 173 2944; x_wconf 87' lang='lat' dir='ltr'><strong>Tale</strong></span> <span class='ocrx_word' id='word_1_145' title='bbox 197 2882 261 2942; x_wconf 88' lang='lat' dir='ltr'><strong>lere</strong></span> <span class='ocrx_word' id='word_1_146' title='bbox 286 2882 376 2942; x_wconf 83' lang='lat' dir='ltr'><strong>huius</strong></span> <span class='ocrx_word' id='word_1_147' title='bbox 401 2880 538 2959; x_wconf 89' lang='lat' dir='ltr'><strong>opusculi</strong></span> <span class='ocrx_word' id='word_1_148' title='bbox 563 2890 772 2959; x_wconf 74' lang='lat' dir='ltr'><strong>argumentum</strong></span> <span class='ocrx_word' id='word_1_149' title='bbox 800 2894 858 2944; x_wconf 89' lang='lat' dir='ltr'><strong>est:</strong></span> <span class='ocrx_word' id='word_1_150' title='bbox 879 2886 956 2947; x_wconf 87' lang='lat' dir='ltr'><strong>haec</strong></span> <span class='ocrx_word' id='word_1_151' title='bbox 970 2868 1049 2948; x_wconf 83' lang='lat' dir='ltr'><strong>sunt</strong></span> 
     </span>
     <span class='ocr_line' id='line_1_23' title="bbox 62 2992 1037 3074; baseline 0.001 -17"><span class='ocrx_word' id='word_1_152' title='bbox 62 2994 187 3057; x_wconf 88' lang='lat' dir='ltr'><strong>consilia</strong></span> <span class='ocrx_word' id='word_1_153' title='bbox 212 3013 291 3074; x_wconf 79' lang='lat' dir='ltr'><strong>qsrae</strong></span> <span class='ocrx_word' id='word_1_154' title='bbox 317 2992 404 3052; x_wconf 78' lang='lat' dir='ltr'><strong>tratti</strong></span> <span class='ocrx_word' id='word_1_155' title='bbox 428 3013 541 3058; x_wconf 78' lang='lat' dir='ltr'><strong>cunnus</strong></span> <span class='ocrx_word' id='word_1_156' title='bbox 565 2992 658 3054; x_wconf 89' lang='lat' dir='ltr'><strong>dedit.</strong></span> <span class='ocrx_word' id='word_1_157' title='bbox 699 2995 765 3054; x_wconf 83' lang='lat' dir='ltr'><strong>Non</strong></span> <span class='ocrx_word' id='word_1_158' title='bbox 788 3001 887 3056; x_wconf 84' lang='lat' dir='ltr'><strong>temen</strong></span> <span class='ocrx_word' id='word_1_159' title='bbox 910 2999 969 3057; x_wconf 91' lang='lat' dir='ltr'><strong>erit</strong></span> <span class='ocrx_word' id='word_1_160' title='bbox 985 3020 1037 3058; x_wconf 89' lang='lat' dir='ltr'><strong>su-</strong></span> 
     </span>
     <span class='ocr_line' id='line_1_24' title="bbox 61 3104 1038 3188; baseline 0.006 -22"><span class='ocrx_word' id='word_1_161' title='bbox 61 3125 259 3186; x_wconf 83' lang='lat' dir='ltr'><strong>pervacuum,</strong></span> <span class='ocrx_word' id='word_1_162' title='bbox 282 3104 420 3166; x_wconf 85' lang='lat' dir='ltr'><strong>ordinem</strong></span> <span class='ocrx_word' id='word_1_163' title='bbox 446 3123 537 3183; x_wconf 87' lang='lat' dir='ltr'><strong>quem</strong></span> <span class='ocrx_word' id='word_1_164' title='bbox 563 3105 597 3164; x_wconf 93' lang='lat' dir='ltr'><strong>in</strong></span> <span class='ocrx_word' id='word_1_165' title='bbox 624 3105 672 3165; x_wconf 91' lang='lat' dir='ltr'><strong>his</strong></span> <span class='ocrx_word' id='word_1_166' title='bbox 696 3114 816 3166; x_wconf 88' lang='lat' dir='ltr'><strong>secutus</strong></span> <span class='ocrx_word' id='word_1_167' title='bbox 844 3117 905 3185; x_wconf 89' lang='lat' dir='ltr'><strong>est,</strong></span> <span class='ocrx_word' id='word_1_168' title='bbox 933 3114 1038 3188; x_wconf 87' lang='lat' dir='ltr'><strong>paucis</strong></span> 
     </span>
     <span class='ocr_line' id='line_1_25' title="bbox 61 3216 1035 3299; baseline 0.006 -21"><span class='ocrx_word' id='word_1_169' title='bbox 61 3234 227 3297; x_wconf 87' lang='lat' dir='ltr'><strong>exponere,</strong></span> <span class='ocrx_word' id='word_1_170' title='bbox 256 3225 287 3275; x_wconf 86' lang='lat' dir='ltr'><strong>et</strong></span> <span class='ocrx_word' id='word_1_171' title='bbox 311 3216 466 3276; x_wconf 78' lang='lat' dir='ltr'><strong>ostendere</strong></span> <span class='ocrx_word' id='word_1_172' title='bbox 493 3236 585 3296; x_wconf 63' lang='lat' dir='ltr'><strong>Qum</strong></span> <span class='ocrx_word' id='word_1_173' title='bbox 611 3221 807 3279; x_wconf 74' lang='lat' dir='ltr'><strong>consentanee</strong></span> <span class='ocrx_word' id='word_1_174' title='bbox 833 3220 948 3299; x_wconf 79' lang='lat' dir='ltr'><strong>logicae</strong></span> <span class='ocrx_word' id='word_1_175' title='bbox 974 3224 1035 3285; x_wconf 89' lang='lat' dir='ltr'><strong>dis-</strong></span> 
     </span>
     <span class='ocr_line' id='line_1_26' title="bbox 62 3328 849 3407; baseline 0.005 -19"><span class='ocrx_word' id='word_1_176' title='bbox 62 3329 219 3390; x_wconf 90' lang='lat' dir='ltr'><strong>tributioni</strong></span> <span class='ocrx_word' id='word_1_177' title='bbox 235 3329 353 3407; x_wconf 69' lang='lat' dir='ltr'><strong>singula</strong></span> <span class='ocrx_word' id='word_1_178' title='bbox 369 3334 400 3387; x_wconf 91' lang='lat' dir='ltr'><strong>et</strong></span> <span class='ocrx_word' id='word_1_179' title='bbox 417 3328 555 3387; x_wconf 89' lang='lat' dir='ltr'><strong>retulerit</strong></span> <span class='ocrx_word' id='word_1_180' title='bbox 571 3337 602 3388; x_wconf 89' lang='lat' dir='ltr'><strong>et</strong></span> <span class='ocrx_word' id='word_1_181' title='bbox 619 3330 849 3392; x_wconf 85' lang='lat' dir='ltr'><strong>adumbraverit.</strong></span> 
     </span>
    </p>

    <p class='ocr_par' dir='ltr' id='par_1_8' title="bbox 63 3431 1034 3632">
     <span class='ocr_line' id='line_1_27' title="bbox 103 3431 1034 3507; baseline 0.009 -8"><span class='ocrx_word' id='word_1_182' title='bbox 103 3440 264 3500; x_wconf 83' lang='lat' dir='ltr'><strong>Exordirnn</strong></span> <span class='ocrx_word' id='word_1_183' title='bbox 281 3439 320 3498; x_wconf 94' lang='lat' dir='ltr'><strong>de</strong></span> <span class='ocrx_word' id='word_1_184' title='bbox 336 3438 437 3499; x_wconf 88' lang='lat' dir='ltr'><strong>fratris</strong></span> <span class='ocrx_word' id='word_1_185' title='bbox 454 3431 544 3499; x_wconf 87' lang='lat' dir='ltr'><strong>laude</strong></span> <span class='ocrx_word' id='word_1_186' title='bbox 561 3447 593 3497; x_wconf 89' lang='lat' dir='ltr'><strong>et</strong></span> <span class='ocrx_word' id='word_1_187' title='bbox 610 3440 648 3499; x_wconf 92' lang='lat' dir='ltr'><strong>de</strong></span> <span class='ocrx_word' id='word_1_188' title='bbox 665 3462 718 3502; x_wconf 91' lang='lat' dir='ltr'><strong>suo</strong></span> <span class='ocrx_word' id='word_1_189' title='bbox 736 3443 886 3503; x_wconf 88' lang='lat' dir='ltr'><strong>scribendi</strong></span> <span class='ocrx_word' id='word_1_190' title='bbox 902 3446 1034 3507; x_wconf 92' lang='lat' dir='ltr'><strong>consilio.</strong></span> 
     </span>
     <span class='ocr_line' id='line_1_28' title="bbox 63 3550 190 3632; baseline 0.008 0"><span class='ocrx_word' id='word_1_191' title='bbox 63 3550 133 3632; x_wconf 80' lang='lat' dir='ltr'><strong>s1·</strong></span> <span class='ocrx_word' id='word_1_192' title='bbox 187 3588 190 3594; x_wconf 85' lang='lat'><strong>·</strong></span> 
     </span>
    </p>

    <p class='ocr_par' dir='ltr' id='par_1_9' title="bbox 64 3658 1034 3860">
     <span class='ocr_line' id='line_1_29' title="bbox 103 3658 1034 3748; baseline 0.011 -29"><span class='ocrx_word' id='word_1_193' title='bbox 103 3659 248 3738; x_wconf 70' lang='lat' dir='ltr'><strong>opusculi</strong></span> <span class='ocrx_word' id='word_1_194' title='bbox 272 3658 445 3720; x_wconf 90' lang='lat' dir='ltr'><strong>distributio</strong></span> <span class='ocrx_word' id='word_1_195' title='bbox 470 3659 503 3719; x_wconf 94' lang='lat' dir='ltr'><strong>in</strong></span> <span class='ocrx_word' id='word_1_196' title='bbox 531 3669 588 3721; x_wconf 76' lang='lat' dir='ltr'><strong>tres</strong></span> <span class='ocrx_word' id='word_1_197' title='bbox 612 3671 726 3742; x_wconf 88' lang='lat' dir='ltr'><strong>partes,</strong></span> <span class='ocrx_word' id='word_1_198' title='bbox 750 3664 789 3725; x_wconf 90' lang='lat' dir='ltr'><strong>de</strong></span> <span class='ocrx_word' id='word_1_199' title='bbox 811 3662 936 3745; x_wconf 67' lang='lat' dir='ltr'><strong>persiana</strong></span> <span class='ocrx_word' id='word_1_200' title='bbox 957 3689 1034 3748; x_wconf 89' lang='lat' dir='ltr'><strong>quae</strong></span> 
     </span>
     <span class='ocr_line' id='line_1_30' title="bbox 64 3769 926 3860; baseline 0.009 -28"><span class='ocrx_word' id='word_1_201' title='bbox 64 3771 157 3852; x_wconf 88' lang='lat' dir='ltr'><strong>petit,</strong></span> <span class='ocrx_word' id='word_1_202' title='bbox 178 3769 217 3830; x_wconf 92' lang='lat' dir='ltr'><strong>de</strong></span> <span class='ocrx_word' id='word_1_203' title='bbox 233 3790 269 3829; x_wconf 90' lang='lat' dir='ltr'><strong>co</strong></span> <span class='ocrx_word' id='word_1_204' title='bbox 285 3771 367 3849; x_wconf 91' lang='lat' dir='ltr'><strong>quod</strong></span> <span class='ocrx_word' id='word_1_205' title='bbox 384 3771 515 3851; x_wconf 86' lang='lat' dir='ltr'><strong>petitur,</strong></span> <span class='ocrx_word' id='word_1_206' title='bbox 535 3772 575 3831; x_wconf 89' lang='lat' dir='ltr'><strong>de</strong></span> <span class='ocrx_word' id='word_1_207' title='bbox 591 3774 657 3835; x_wconf 91' lang='lat' dir='ltr'><strong>loco</strong></span> <span class='ocrx_word' id='word_1_208' title='bbox 672 3777 727 3835; x_wconf 91' lang='lat' dir='ltr'><strong>ubi</strong></span> <span class='ocrx_word' id='word_1_209' title='bbox 743 3776 856 3855; x_wconf 90' lang='lat' dir='ltr'><strong>petitur</strong></span> <span class='ocrx_word' id='word_1_210' title='bbox 872 3777 926 3860; x_wconf 87' lang='lat'>(1).</span> 
     </span>
    </p>
   </div>
   <div class='ocr_carea' id='block_1_7' title="bbox 318 3944 397 3952">
    <p class='ocr_par' dir='ltr' id='par_1_10' title="bbox 318 3944 397 3952">
     <span class='ocr_line' id='line_1_31' title="bbox 318 3944 397 3952; baseline 0 -2"><span class='ocrx_word' id='word_1_211' title='bbox 318 3944 397 3952; x_wconf 58' lang='lat' dir='ltr'>w</span> 
     </span>
    </p>
   </div>
   <div class='ocr_carea' id='block_1_8' title="bbox 65 4041 1033 4177">
    <p class='ocr_par' dir='ltr' id='par_1_11' title="bbox 65 4041 1033 4177">
     <span class='ocr_line' id='line_1_32' title="bbox 100 4041 1033 4115; baseline 0.01 -21"><span class='ocrx_word' id='word_1_212' title='bbox 100 4042 139 4108; x_wconf 74' lang='lat'><strong>(1)</strong></span> <span class='ocrx_word' id='word_1_213' title='bbox 157 4041 223 4094; x_wconf 86' lang='lat' dir='ltr'><strong>llaec</strong></span> <span class='ocrx_word' id='word_1_214' title='bbox 240 4042 370 4111; x_wconf 85' lang='lat' dir='ltr'><strong>pertinent</strong></span> <span class='ocrx_word' id='word_1_215' title='bbox 391 4057 494 4111; x_wconf 88' lang='lat' dir='ltr'><strong>quoque</strong></span> <span class='ocrx_word' id='word_1_216' title='bbox 514 4042 544 4093; x_wconf 92' lang='lat' dir='ltr'><strong>ad</strong></span> <span class='ocrx_word' id='word_1_217' title='bbox 569 4041 605 4106; x_wconf 77' lang='lat'><strong>§¹¹¹</strong></span> <span class='ocrx_word' id='word_1_218' title='bbox 626 4043 678 4101; x_wconf 81' lang='lat'>1¹¹¹;</span> <span class='ocrx_word' id='word_1_219' title='bbox 695 4045 862 4115; x_wconf 65' lang='lat' dir='ltr'><strong>carropera</strong></span> <span class='ocrx_word' id='word_1_220' title='bbox 879 4047 1033 4102; x_wconf 85' lang='lat' dir='ltr'><strong>debuisscta</strong></span> 
     </span>
     <span class='ocr_line' id='line_1_33' title="bbox 65 4125 978 4177; baseline -0.009 0"><span class='ocrx_word' id='word_1_221' title='bbox 65 4125 164 4177; x_wconf 80' lang='lat' dir='ltr'><strong>verbis:</strong></span> <span class='ocrx_word' id='word_1_222' title='bbox 191 4127 302 4177; x_wconf 79' lang='lat' dir='ltr'><strong>nominis</strong></span> <span class='ocrx_word' id='word_1_223' title='bbox 315 4127 463 4175; x_wconf 74' lang='lat' dir='ltr'><strong>rsovr&#39;tntem.</strong></span> <span class='ocrx_word' id='word_1_224' title='bbox 975 4130 978 4137; x_wconf 91' lang='grc'><strong><em>’</em></strong></span> 
     </span>
    </p>
   </div>
   <div class='ocr_carea' id='block_1_9' title="bbox 863 4231 902 4287">
    <p class='ocr_par' dir='ltr' id='par_1_12' title="bbox 863 4231 902 4287">
     <span class='ocr_line' id='line_1_34' title="bbox 863 4231 902 4287; baseline 0 -23"><span class='ocrx_word' id='word_1_225' title='bbox 863 4231 902 4287; x_wconf 81' lang='lat'><strong>1*</strong></span> 
     </span>
    </p>
   </div>
   <div class='ocr_carea' id='block_1_10' title="bbox 0 0 1424 5588">
    <p class='ocr_par' dir='ltr' id='par_1_13' title="bbox 0 0 1424 5588">
     <span class='ocr_line' id='line_1_35' title="bbox 0 0 1424 5588; baseline 0 0"><span class='ocrx_word' id='word_1_226' title='bbox 0 0 1424 5588; x_wconf 95' lang='lat' dir='ltr'><strong> </strong></span> 
     </span>
    </p>
   </div>
  </div>
 </body>
</html>
