2836 5588
685 456 725 516 et

263 665 388 725 Maxime
412 670 514 723 antem
540 662 640 736 solita,
666 679 763 739 caque
785 660 903 738 legibus
919 663 1029 722 acriter
1045 665 1197 743 prohibita

221 777 281 837 luit
293 775 414 853 largitio
427 775 615 854 pecuniaria,
629 773 811 853 plerumque
824 772 887 832 sola
898 773 1068 856 largitionis
1075 779 1199 840 nomine

220 907 358 966 expressa
366 884 424 967 (l);
440 905 511 946 cum
527 886 590 964 ipsa
602 884 681 946 dona
695 884 863 945 nummaria
876 892 976 961 postes
988 888 1198 970 congiaric(2)

219 999 283 1058 dici
306 998 474 1077 coeperint,
498 1016 578 1077 quae
602 996 676 1057 olim
699 994 849 1055 alimentis
872 1000 989 1055 tantmn
1009 999 1195 1076 constabant,

220 1109 369 1169 militibus
384 1108 460 1168 datis
476 1105 534 1189 (3);
563 1107 615 1167 sed
640 1106 714 1166 binc
731 1113 761 1165 et
779 1104 818 1164 de
836 1103 986 1164 elimentis
1002 1114 1033 1165 et
1050 1107 1089 1167 de
1105 1129 1196 1188 pecu-

183 1259 185 1263 -
220 1221 324 1280 niariis
335 1220 434 1294 donis,
449 1217 590 1278 beneficii
604 1216 700 1297 matis
712 1214 846 1290 tributis,
860 1213 923 1274 diei
939 1216 1131 1301 invaluerunt
1143 1217 1197 1301 (1).

219 1333 301 1392 Hanc
311 1328 412 1410 'igitur
426 1331 585 1409 pecuniam
597 1327 792 1409 pronuntiare
807 1324 998 1404 dicebantur,
1018 1348 1115 1407 quum
1131 1349 1199 1408 pro·

218 1441 378 1502 mittebant
394 1461 460 1502 eam
479 1440 518 1501 ad
540 1435 796 1516 corrumpendum
814 1433 871 1517 (5);
902 1445 932 1497 et
957 1457 998 1498 ne
1023 1439 1081 1519 ipsi
1105 1444 1198 1522 suspi-

217 1553 337 1616 cionem
364 1557 534 1625 moverent,
563 1548 614 1609 rel
638 1549 710 1628 quia
734 1547 800 1607 aliis
813 1557 899 1608 erant
915 1548 1043 1627 negotiis
1057 1557 1196 1633 occupati

218 1663 325 1741 magis,
347 1660 428 1740 apud
443 1671 600 1739 sequestres
616 1653 806 1739 deponebant
823 1656 884 1739 t6);
905 1659 1086 1739 plerumque
1103 1665 1198 1742 igitur

217 1774 252 1832 hi
265 1772 415 1832 inferioris
426 1771 544 1850 generis
557 1770 695 1832 homines
705 1769 798 1856 amici
810 1777 896 1828 erant
909 1770 1076 1850 candidati,
1088 1776 1202 1854 quibus
1216 1846 1226 1867 ,

215 1881 349 1945 fidebant
372 1878 436 1962 (7);
466 1880 620 1942 interdum
649 1899 772 1960 quoque
798 1880 996 1960 honestiores3
1027 1883 1110 1944 unde
1134 1887 1201 1966 ipse

217 2015 348 2056 ruinosus
365 2002 432 2054 tum
450 1992 607 2054 dicebatur
623 1992 687 2071 ipse
703 2000 855 2070 sequester
873 1991 977 2069 fuisse,
997 1995 1060 2055 scil.
1078 2016 1200 2077 compe-

217 2107 314 2168 titoris
336 2107 383 2166 sni
405 2125 510 2180 rionis,
532 2112 599 2163 tum
615 2123 688 2163 vero
705 2123 760 2181 per
777 2110 943 2180 sequestres
959 2107 1126 2184 corrupisse
1139 2106 1196 2188 (8).

216 2217 304 2278 Idem
329 2216 369 2275 de
391 2215 538 2294 pecuniae
564 2213 603 2274 ad
622 2213 773 2272 iudicium
795 2213 1051 2292 corrumpendum
1074 2218 1201 2285 custode

216 2326 399 2389 vocabulum
427 2331 589 2402 usurpatur
604 2320 659 2404 (il).
704 2323 938 2403 Nonnumquam
968 2325 1062 2386 iidem
1091 2345 1198 2409 seque-

214 2447 290 2497 stres
307 2437 368 2496 alio
383 2454 505 2514 quoque
523 2452 650 2493 munere
674 2433 896 2511 fungebantur,
924 2435 988 2495 scil.
1010 2438 1196 2519 interpretem

216 2547 325 2629 agen&
341 2543 424 2627 (10);
455 2545 538 2621 quod
560 2542 712 2603 sordidius
733 2544 824 2601 etiam
848 2553 926 2620 erat3
957 2554 1117 2609 eteorum
1140 2554 1196 2630 qui

217 2656 372 2718 candidati
397 2653 521 2712 nomine
544 2651 794 2729 pronunciarent3
823 2651 878 2729 qui
901 2672 931 2711 se
948 2655 1108 2717 miscerent
1124 2680 1195 2723 cum

215 2768 321 2828 infima
343 2765 448 2845 plebe,
474 2783 523 2823 eos
540 2762 701 2822 incitarent
717 2761 756 2822 ad
771 2761 913 2841 suffragia
933 2763 1046 2844 danda,
1071 2787 1142 2830 cum
1160 2772 1198 2832 iis
1312 2846 1315 2849 ,

214 2879 453 2958 paciscerentur;
481 2882 571 2953 atque
593 2880 764 2948 monerent,
791 2872 873 2952 apud
896 2894 1041 2954 quosnam
1066 2878 1199 2960 deposita
1271 2940 1273 2944 ,

217 2996 293 3050 esset
324 2986 472 3067 pecunia,
507 2993 537 3044 et
570 2985 751 3064 quibusnam
776 2983 815 3045 ed
841 2983 1076 3066 dispergendinn
1100 2992 1140 3052 sb
1163 2993 1202 3056 iis

217 3094 469 3178 traderetur(ll).
508 3096 545 3155 Ut
565 3104 666 3157 autem
679 3096 736 3157 hos
747 3115 887 3160 nummos
898 3099 966 3176 pari
984 3102 1100 3162 ratione
1118 3104 1203 3166 inter

252 3347 294 3417 (1)
312 3345 382 3398 Ibid.
403 3344 429 3395 3.
451 3347 486 3407 s,
506 3361 536 3409 p.
556 3343 647 3395 Plane.
664 3343 689 3394 1.
706 3344 741 3407 6,
760 3344 804 3394 15.
824 3342 879 3407 37,
904 3345 1004 3398 Met.
1020 3349 1038 3413 ti
1052 3351 1104 3415 5⁷,
1125 3354 1198 3408 Aee.

215 3430 452 3488 solemniacum,
475 3443 501 3494 p.
517 3424 628 3479 3201.
687 3425 728 3495 (2.)
749 3424 795 3481 Ad
808 3427 871 3480 Art.
882 3426 918 3478 X.
928 3428 955 3480 7.
1010 3430 1053 3501 (3)
1072 3436 1200 3504 asem,

216 3513 321 3566 vina.
335 3511 425 3578 ibique
439 3509 534 3571 ltro..
551 3507 644 3563 Suet.
663 3510 775 3563 oet.15.
790 3509 860 3562 niv.
874 3509 953 3564 XXV.
967 3512 995 3568 2.
1048 3515 1089 3586 (1)
1108 3519 1197 3574 Suet.

216 3599 278 3670 Tit
292 3597 335 3649 20.
392 3595 434 3665 (5)
455 3595 501 3650 Pr.
517 3595 608 3646 Plane.
622 3595 666 3649 18..
680 3595 730 3660 15,
746 3593 836 3663 ibique
852 3595 964 3667 interpp.
1019 3598 1061 3669 (6)
1081 3601 1202 3674 Pseudo-

213 3683 288 3739 Asc.
303 3683 331 3734 in
347 3681 425 3733 Verr.
439 3679 460 3730 I.
475 3677 519 3733 tt.
533 3697 561 3748 p.
573 3678 635 3730 136.
650 3675 718 3742 Or..
743 3677 908 3743 setulas,
927 3696 978 3732 von
991 3683 1040 3734 den
1055 3684 1202 3743 Votksvsr-

213 3769 373 3832 sammluag.
395 3767 420 3818 d.
442 3766 520 3818 Rem.
541 3783 569 3833 p.
589 3762 650 3815 161.
728 3760 770 3830 (7)
798 3761 841 3815 Gi.
863 3766 891 3815 in
914 3765 991 3818 Verr.
1012 3767 1059 3820 lt.
1080 3769 1124 3823 22.
1146 3773 1201 3840 19,

211 3872 242 3922 p.
260 3853 328 3904 Geel.
349 3851 376 3903 7.
395 3850 439 3902 16.
517 3848 564 3917 (8)
586 3845 629 3900 01.
653 3865 683 3915 p.
709 3848 800 3901 Plane.
821 3849 864 3900 16.
886 3850 938 3914 36,
964 3852 1008 3904 16.
1028 3854 1080 3918 11,
1106 3857 1200 3926 ibique

213 3935 336 3989 Wund.
359 3936 456 3986 Gomm'.
477 3951 504 4002 p.
525 3933 594 3996 187,
619 3942 645 3984 et
664 3933 707 3989 19.
729 3933 772 3984 16.
842 3931 884 4002 (9)
904 3932 946 3987 cf.
961 3935 994 3989 fr.
1008 3954 1045 3988 or.
1061 3941 1088 3989 in
1106 3942 1198 4007 ctos..

214 4023 306 4090 ibique
320 4019 407 4074 Schol.
423 4018 486 4070 Bob.
499 4036 527 4086 p.
541 4017 601 4069 338.
618 4015 668 4068 0r.
722 4016 779 4083 (16)
800 4019 837 4068 In
846 4018 1023 4084 Varenus,
1043 4036 1200 4092 »sequester

215 4107 300 4169 istius,
309 4107 448 4175 interpres,
463 4100 593 4154 conlector
606 4100 804 4169 ιιοῑςοίὶοιυπι.υ
842 4101 900 4171 (11)
921 4102 962 4156 Cf.
978 4104 1136 4176 Schulse,
1151 4110 1200 4165 l.l.
