<?xml version="1.0" encoding="UTF-8"?>
<!DOCTYPE html PUBLIC "-//W3C//DTD XHTML 1.0 Transitional//EN"
    "http://www.w3.org/TR/xhtml1/DTD/xhtml1-transitional.dtd">
<html xmlns="http://www.w3.org/1999/xhtml" xml:lang="en" lang="en">
 <head>
  <title>
</title>
<meta http-equiv="Content-Type" content="text/html;charset=utf-8" />
  <meta name='ocr-system' content='tesseract 3.04.00' />
  <meta name='ocr-capabilities' content='ocr_page ocr_carea ocr_par ocr_line ocrx_word'/>
</head>
<body>
  <div class='ocr_page' id='page_1' title='image "./specimenliterar00tydegoog_0065.png"; bbox 0 0 2820 5572; ppageno 0'>
   <div class='ocr_carea' id='block_1_1' title="bbox 693 479 730 536">
    <p class='ocr_par' dir='ltr' id='par_1_1' title="bbox 693 479 730 536">
     <span class='ocr_line' id='line_1_1' title="bbox 693 479 730 536; baseline 0 0"><span class='ocrx_word' id='word_1_1' title='bbox 693 479 730 536; x_wconf 72' lang='lat'>54</span> 
     </span>
    </p>
   </div>
   <div class='ocr_carea' id='block_1_2' title="bbox 179 681 1199 1878">
    <p class='ocr_par' dir='ltr' id='par_1_2' title="bbox 179 681 1199 1878">
     <span class='ocr_line' id='line_1_2' title="bbox 223 681 1198 764; baseline -0.002 -20"><span class='ocrx_word' id='word_1_2' title='bbox 223 684 386 758; x_wconf 79' lang='lat' dir='ltr'>beneficiis,</span> <span class='ocrx_word' id='word_1_3' title='bbox 404 682 500 760; x_wconf 85' lang='lat' dir='ltr'>iisque</span> <span class='ocrx_word' id='word_1_4' title='bbox 511 701 701 760; x_wconf 85' lang='lat' dir='ltr'>summopere</span> <span class='ocrx_word' id='word_1_5' title='bbox 722 681 938 764; x_wconf 62' lang='lat' dir='ltr'>effeendisss).</span> <span class='ocrx_word' id='word_1_6' title='bbox 980 683 1059 741; x_wconf 88' lang='lat' dir='ltr'>Tum</span> <span class='ocrx_word' id='word_1_7' title='bbox 1079 683 1198 763; x_wconf 80' lang='lat' dir='ltr'>collegia</span> 
     </span>
     <span class='ocr_line' id='line_1_3' title="bbox 179 791 1198 872; baseline 0 -16"><span class='ocrx_word' id='word_1_8' title='bbox 179 813 181 817; x_wconf 80' lang='grc'><strong>’</strong></span> <span class='ocrx_word' id='word_1_9' title='bbox 223 795 339 870; x_wconf 84' lang='lat' dir='ltr'>omnia,</span> <span class='ocrx_word' id='word_1_10' title='bbox 360 801 421 852; x_wconf 86' lang='lat' dir='ltr'>tam</span> <span class='ocrx_word' id='word_1_11' title='bbox 438 791 578 870; x_wconf 88' lang='lat' dir='ltr'>opificum</span> <span class='ocrx_word' id='word_1_12' title='bbox 595 812 688 870; x_wconf 87' lang='lat' dir='ltr'>quam</span> <span class='ocrx_word' id='word_1_13' title='bbox 700 792 852 871; x_wconf 74' lang='lat' dir='ltr'>religiosa,</span> <span class='ocrx_word' id='word_1_14' title='bbox 867 801 919 854; x_wconf 86' lang='lat' dir='ltr'>aut</span> <span class='ocrx_word' id='word_1_15' title='bbox 932 794 1155 872; x_wconf 75' lang='lat' dir='ltr'>negociationis</span> <span class='ocrx_word' id='word_1_16' title='bbox 1161 817 1198 856; x_wconf 86' lang='lat' dir='ltr'>so·</span> 
     </span>
     <span class='ocr_line' id='line_1_4' title="bbox 223 903 1197 986; baseline 0.001 -22"><span class='ocrx_word' id='word_1_17' title='bbox 223 905 375 983; x_wconf 77' lang='lat' dir='ltr'>dalitates5</span> <span class='ocrx_word' id='word_1_18' title='bbox 391 903 424 963; x_wconf 93' lang='lat' dir='ltr'>in</span> <span class='ocrx_word' id='word_1_19' title='bbox 436 903 546 983; x_wconf 88' lang='lat' dir='ltr'>quibus</span> <span class='ocrx_word' id='word_1_20' title='bbox 553 903 667 963; x_wconf 86' lang='lat' dir='ltr'>multae</span> <span class='ocrx_word' id='word_1_21' title='bbox 676 912 774 980; x_wconf 87' lang='lat' dir='ltr'>erant,</span> <span class='ocrx_word' id='word_1_22' title='bbox 785 924 864 984; x_wconf 86' lang='lat' dir='ltr'>quae</span> <span class='ocrx_word' id='word_1_23' title='bbox 874 912 940 965; x_wconf 86' lang='lat' dir='ltr'>tum</span> <span class='ocrx_word' id='word_1_24' title='bbox 949 904 1045 984; x_wconf 85' lang='lat' dir='ltr'>ipsae,</span> <span class='ocrx_word' id='word_1_25' title='bbox 1060 913 1133 965; x_wconf 92' lang='lat' dir='ltr'>tum</span> <span class='ocrx_word' id='word_1_26' title='bbox 1140 927 1197 986; x_wconf 81' lang='lat' dir='ltr'>pro·</span> 
     </span>
     <span class='ocr_line' id='line_1_5' title="bbox 221 1014 1195 1095; baseline 0.003 -20"><span class='ocrx_word' id='word_1_27' title='bbox 221 1025 289 1095; x_wconf 86' lang='lat' dir='ltr'>pter</span> <span class='ocrx_word' id='word_1_28' title='bbox 303 1035 365 1091; x_wconf 87' lang='lat' dir='ltr'>eos,</span> <span class='ocrx_word' id='word_1_29' title='bbox 385 1016 441 1094; x_wconf 92' lang='lat' dir='ltr'>qui</span> <span class='ocrx_word' id='word_1_30' title='bbox 456 1014 516 1073; x_wconf 89' lang='lat' dir='ltr'>illis</span> <span class='ocrx_word' id='word_1_31' title='bbox 529 1014 706 1090; x_wconf 85' lang='lat' dir='ltr'>intererant,</span> <span class='ocrx_word' id='word_1_32' title='bbox 721 1015 944 1093; x_wconf 81' lang='lat' dir='ltr'>gratiosissimae</span> <span class='ocrx_word' id='word_1_33' title='bbox 957 1024 1044 1077; x_wconf 81' lang='lat' dir='ltr'>erant</span> <span class='ocrx_word' id='word_1_34' title='bbox 1060 1017 1105 1077; x_wconf 85' lang='lat' dir='ltr'>ad</span> <span class='ocrx_word' id='word_1_35' title='bbox 1114 1019 1195 1078; x_wconf 88' lang='lat' dir='ltr'>ambi-</span> 
     </span>
     <span class='ocr_line' id='line_1_6' title="bbox 222 1125 1197 1210; baseline 0.004 -23"><span class='ocrx_word' id='word_1_36' title='bbox 222 1129 336 1188; x_wconf 86' lang='lat' dir='ltr'>tionem</span> <span class='ocrx_word' id='word_1_37' title='bbox 353 1125 407 1210; x_wconf 86' lang='lat'><strong>(2).</strong></span> <span class='ocrx_word' id='word_1_38' title='bbox 448 1125 519 1205; x_wconf 81' lang='lat' dir='ltr'>Pagi</span> <span class='ocrx_word' id='word_1_39' title='bbox 537 1145 658 1205; x_wconf 89' lang='lat' dir='ltr'>quoque</span> <span class='ocrx_word' id='word_1_40' title='bbox 675 1134 705 1185; x_wconf 89' lang='lat' dir='ltr'>et</span> <span class='ocrx_word' id='word_1_41' title='bbox 722 1127 805 1186; x_wconf 88' lang='lat' dir='ltr'>urbis</span> <span class='ocrx_word' id='word_1_42' title='bbox 822 1127 989 1189; x_wconf 79' lang='lat' dir='ltr'>vicinitates</span> <span class='ocrx_word' id='word_1_43' title='bbox 1004 1129 1141 1190; x_wconf 88' lang='lat' dir='ltr'>minime</span> <span class='ocrx_word' id='word_1_44' title='bbox 1157 1152 1197 1191; x_wconf 86' lang='lat' dir='ltr'>nc</span> 
     </span>
     <span class='ocr_line' id='line_1_7' title="bbox 224 1235 1198 1321; baseline 0.006 -25"><span class='ocrx_word' id='word_1_45' title='bbox 224 1239 360 1318; x_wconf 77' lang='lat' dir='ltr'>gligendi</span> <span class='ocrx_word' id='word_1_46' title='bbox 372 1235 431 1321; x_wconf 84' lang='lat'><strong>(3),</strong></span> <span class='ocrx_word' id='word_1_47' title='bbox 448 1246 510 1297; x_wconf 79' lang='lat' dir='ltr'>tam</span> <span class='ocrx_word' id='word_1_48' title='bbox 524 1244 647 1316; x_wconf 88' lang='lat' dir='ltr'>propter</span> <span class='ocrx_word' id='word_1_49' title='bbox 662 1237 767 1296; x_wconf 86' lang='lat' dir='ltr'>urbem</span> <span class='ocrx_word' id='word_1_50' title='bbox 785 1238 892 1316; x_wconf 83' lang='lat' dir='ltr'>ipsam,</span> <span class='ocrx_word' id='word_1_51' title='bbox 911 1239 945 1298; x_wconf 92' lang='lat' dir='ltr'>in</span> <span class='ocrx_word' id='word_1_52' title='bbox 960 1239 1051 1298; x_wconf 91' lang='lat' dir='ltr'>cuius</span> <span class='ocrx_word' id='word_1_53' title='bbox 1064 1241 1198 1301; x_wconf 86' lang='lat' dir='ltr'>tribubus</span> 
     </span>
     <span class='ocr_line' id='line_1_8' title="bbox 223 1347 1198 1426; baseline 0.004 -18"><span class='ocrx_word' id='word_1_54' title='bbox 223 1348 366 1426; x_wconf 79' lang='lat' dir='ltr'>suffragia</span> <span class='ocrx_word' id='word_1_55' title='bbox 387 1347 537 1420; x_wconf 79' lang='lat' dir='ltr'>ferebant,</span> <span class='ocrx_word' id='word_1_56' title='bbox 567 1366 658 1424; x_wconf 88' lang='lat' dir='ltr'>quam</span> <span class='ocrx_word' id='word_1_57' title='bbox 676 1347 749 1425; x_wconf 86' lang='lat' dir='ltr'>quia</span> <span class='ocrx_word' id='word_1_58' title='bbox 764 1349 900 1426; x_wconf 82' lang='lat' dir='ltr'>proxime</span> <span class='ocrx_word' id='word_1_59' title='bbox 916 1358 986 1408; x_wconf 88' lang='lat' dir='ltr'>sunt</span> <span class='ocrx_word' id='word_1_60' title='bbox 1007 1351 1133 1412; x_wconf 77' lang='lat' dir='ltr'><strong>rusticis</strong></span> <span class='ocrx_word' id='word_1_61' title='bbox 1149 1352 1198 1412; x_wconf 88' lang='lat' dir='ltr'>illis</span> 
     </span>
     <span class='ocr_line' id='line_1_9' title="bbox 222 1455 1199 1544; baseline 0.008 -26"><span class='ocrx_word' id='word_1_62' title='bbox 222 1457 367 1518; x_wconf 88' lang='lat' dir='ltr'>centuriis</span> <span class='ocrx_word' id='word_1_63' title='bbox 384 1463 413 1514; x_wconf 87' lang='lat' dir='ltr'>et</span> <span class='ocrx_word' id='word_1_64' title='bbox 430 1455 615 1534; x_wconf 81' lang='lat' dir='ltr'>municipiis:</span> <span class='ocrx_word' id='word_1_65' title='bbox 638 1478 710 1517; x_wconf 86' lang='lat' dir='ltr'>nam</span> <span class='ocrx_word' id='word_1_66' title='bbox 727 1459 848 1519; x_wconf 87' lang='lat' dir='ltr'>nullum</span> <span class='ocrx_word' id='word_1_67' title='bbox 864 1479 963 1539; x_wconf 87' lang='lat' dir='ltr'>neque</span> <span class='ocrx_word' id='word_1_68' title='bbox 979 1463 1199 1544; x_wconf 86' lang='lat' dir='ltr'>municipium,</span> 
     </span>
     <span class='ocr_line' id='line_1_10' title="bbox 222 1566 1199 1654; baseline 0.009 -27"><span class='ocrx_word' id='word_1_69' title='bbox 222 1588 322 1647; x_wconf 89' lang='lat' dir='ltr'>neque</span> <span class='ocrx_word' id='word_1_70' title='bbox 339 1566 472 1641; x_wconf 83' lang='lat' dir='ltr'>colonia,</span> <span class='ocrx_word' id='word_1_71' title='bbox 492 1585 593 1644; x_wconf 87' lang='lat' dir='ltr'>neque</span> <span class='ocrx_word' id='word_1_72' title='bbox 607 1567 798 1644; x_wconf 79' lang='lat' dir='ltr'>praefectura</span> <span class='ocrx_word' id='word_1_73' title='bbox 814 1570 920 1631; x_wconf 88' lang='lat' dir='ltr'>Italiae</span> <span class='ocrx_word' id='word_1_74' title='bbox 934 1571 999 1632; x_wconf 89' lang='lat' dir='ltr'>sine</span> <span class='ocrx_word' id='word_1_75' title='bbox 1015 1573 1124 1654; x_wconf 85' lang='lat' dir='ltr'>aliquo</span> <span class='ocrx_word' id='word_1_76' title='bbox 1142 1596 1199 1636; x_wconf 88' lang='lat' dir='ltr'>esse</span> 
     </span>
     <span class='ocr_line' id='line_1_11' title="bbox 221 1675 1197 1764; baseline 0.009 -26"><span class='ocrx_word' id='word_1_77' title='bbox 221 1679 312 1738; x_wconf 87' lang='lat' dir='ltr'>debet</span> <span class='ocrx_word' id='word_1_78' title='bbox 328 1679 360 1737; x_wconf 92' lang='lat' dir='ltr'>in</span> <span class='ocrx_word' id='word_1_79' title='bbox 387 1677 533 1756; x_wconf 84' lang='lat' dir='ltr'>petitione</span> <span class='ocrx_word' id='word_1_80' title='bbox 557 1675 751 1738; x_wconf 85' lang='lat' dir='ltr'>firmamento.</span> <span class='ocrx_word' id='word_1_81' title='bbox 792 1679 905 1741; x_wconf 80' lang='lat' dir='ltr'>Rursus</span> <span class='ocrx_word' id='word_1_82' title='bbox 921 1702 977 1761; x_wconf 86' lang='lat' dir='ltr'>per</span> <span class='ocrx_word' id='word_1_83' title='bbox 993 1685 1151 1764; x_wconf 80' lang='lat' dir='ltr'>principes</span> <span class='ocrx_word' id='word_1_84' title='bbox 1168 1707 1197 1747; x_wconf 80' lang='lat' dir='ltr'>ex</span> 
     </span>
     <span class='ocr_line' id='line_1_12' title="bbox 218 1787 1197 1878; baseline 0.011 -32"><span class='ocrx_word' id='word_1_85' title='bbox 218 1791 256 1848; x_wconf 89' lang='lat' dir='ltr'>iis</span> <span class='ocrx_word' id='word_1_86' title='bbox 271 1790 364 1864; x_wconf 88' lang='lat' dir='ltr'>viros,</span> <span class='ocrx_word' id='word_1_87' title='bbox 382 1797 412 1847; x_wconf 89' lang='lat' dir='ltr'>et</span> <span class='ocrx_word' id='word_1_88' title='bbox 430 1789 463 1847; x_wconf 91' lang='lat' dir='ltr'>in</span> <span class='ocrx_word' id='word_1_89' title='bbox 481 1788 541 1846; x_wconf 87' lang='lat' dir='ltr'>suis</span> <span class='ocrx_word' id='word_1_90' title='bbox 557 1787 762 1850; x_wconf 75' lang='lat' dir='ltr'>vicinitatibus</span> <span class='ocrx_word' id='word_1_91' title='bbox 776 1798 806 1849; x_wconf 90' lang='lat' dir='ltr'>et</span> <span class='ocrx_word' id='word_1_92' title='bbox 819 1791 994 1870; x_wconf 90' lang='lat' dir='ltr'>municipiis</span> <span class='ocrx_word' id='word_1_93' title='bbox 1005 1794 1148 1874; x_wconf 72' lang='lat' dir='ltr'>gratiosos</span> <span class='ocrx_word' id='word_1_94' title='bbox 1157 1795 1197 1878; x_wconf 81' lang='grc'>(4)</span> 
     </span>
    </p>
   </div>
   <div class='ocr_carea' id='block_1_3' title="bbox 110 1898 1195 1984">
    <p class='ocr_par' dir='ltr' id='par_1_3' title="bbox 110 1898 1195 1984">
     <span class='ocr_line' id='line_1_13' title="bbox 110 1898 1195 1984; baseline 0.009 -27"><span class='ocrx_word' id='word_1_95' title='bbox 110 1970 115 1981; x_wconf 36' lang='lat'><strong>·</strong></span> <span class='ocrx_word' id='word_1_96' title='bbox 220 1901 295 1958; x_wconf 85' lang='lat' dir='ltr'>haec</span> <span class='ocrx_word' id='word_1_97' title='bbox 307 1919 354 1957; x_wconf 88' lang='lat' dir='ltr'>res</span> <span class='ocrx_word' id='word_1_98' title='bbox 369 1906 487 1975; x_wconf 79' lang='lat' dir='ltr'>agetur3</span> <span class='ocrx_word' id='word_1_99' title='bbox 509 1898 564 1975; x_wconf 90' lang='lat' dir='ltr'>qui</span> <span class='ocrx_word' id='word_1_100' title='bbox 581 1899 660 1958; x_wconf 87' lang='lat' dir='ltr'>hanc</span> <span class='ocrx_word' id='word_1_101' title='bbox 677 1898 831 1978; x_wconf 74' lang='lat' dir='ltr'>dignitatis</span> <span class='ocrx_word' id='word_1_102' title='bbox 847 1910 878 1962; x_wconf 89' lang='lat' dir='ltr'>et</span> <span class='ocrx_word' id='word_1_103' title='bbox 889 1905 1003 1981; x_wconf 73' lang='lat' dir='ltr'>gratiae</span> <span class='ocrx_word' id='word_1_104' title='bbox 1019 1907 1141 1984; x_wconf 81' lang='lat' dir='ltr'>copiam</span> <span class='ocrx_word' id='word_1_105' title='bbox 1158 1908 1195 1967; x_wconf 90' lang='lat' dir='ltr'>lu·</span> 
     </span>
    </p>
   </div>
   <div class='ocr_carea' id='block_1_4' title="bbox 211 2005 1194 3192">
    <p class='ocr_par' dir='ltr' id='par_1_4' title="bbox 217 2005 1194 2751">
     <span class='ocr_line' id='line_1_14' title="bbox 220 2005 1194 2097; baseline 0.011 -30"><span class='ocrx_word' id='word_1_106' title='bbox 220 2005 371 2092; x_wconf 22' lang='lat' dir='ltr'>benteslin</span> <span class='ocrx_word' id='word_1_107' title='bbox 391 2005 519 2065; x_wconf 84' lang='lat' dir='ltr'>alicuius</span> <span class='ocrx_word' id='word_1_108' title='bbox 532 2008 668 2085; x_wconf 86' lang='lat' dir='ltr'>petitoris</span> <span class='ocrx_word' id='word_1_109' title='bbox 684 2029 804 2070; x_wconf 83' lang='lat' dir='ltr'>causam</span> <span class='ocrx_word' id='word_1_110' title='bbox 819 2011 965 2074; x_wconf 84' lang='lat' dir='ltr'>adhibent</span> <span class='ocrx_word' id='word_1_111' title='bbox 980 2013 1034 2097; x_wconf 87' lang='grc'>(5).</span> <span class='ocrx_word' id='word_1_112' title='bbox 1080 2017 1130 2076; x_wconf 87' lang='lat' dir='ltr'>Illi</span> <span class='ocrx_word' id='word_1_113' title='bbox 1147 2038 1194 2078; x_wconf 85' lang='lat' dir='ltr'>au·</span> 
     </span>
     <span class='ocr_line' id='line_1_15' title="bbox 218 2115 1194 2195; baseline 0.013 -17"><span class='ocrx_word' id='word_1_114' title='bbox 218 2128 280 2178; x_wconf 89' lang='lat' dir='ltr'>tem</span> <span class='ocrx_word' id='word_1_115' title='bbox 301 2117 438 2178; x_wconf 88' lang='lat' dir='ltr'>homines</span> <span class='ocrx_word' id='word_1_116' title='bbox 459 2115 656 2195; x_wconf 82' lang='lat' dir='ltr'>municipales</span> <span class='ocrx_word' id='word_1_117' title='bbox 673 2124 704 2176; x_wconf 89' lang='lat' dir='ltr'>et</span> <span class='ocrx_word' id='word_1_118' title='bbox 720 2118 864 2178; x_wconf 85' lang='lat' dir='ltr'>rusticani</span> <span class='ocrx_word' id='word_1_119' title='bbox 884 2131 915 2181; x_wconf 90' lang='lat' dir='ltr'>et</span> <span class='ocrx_word' id='word_1_120' title='bbox 932 2124 1022 2185; x_wconf 85' lang='lat' dir='ltr'>facile</span> <span class='ocrx_word' id='word_1_121' title='bbox 1038 2147 1072 2187; x_wconf 86' lang='lat' dir='ltr'>sc</span> <span class='ocrx_word' id='word_1_122' title='bbox 1091 2131 1194 2191; x_wconf 86' lang='lat' dir='ltr'>amicos</span> 
     </span>
     <span class='ocr_line' id='line_1_16' title="bbox 220 2210 1191 2317; baseline 0.011 -27"><span class='ocrx_word' id='word_1_123' title='bbox 220 2249 282 2290; x_wconf 88' lang='lat' dir='ltr'>esse</span> <span class='ocrx_word' id='word_1_124' title='bbox 295 2210 478 2289; x_wconf 84' lang='lat' dir='ltr'>arbitrantur</span> <span class='ocrx_word' id='word_1_125' title='bbox 482 2272 491 2302; x_wconf 83' lang='lat'><em>,</em></span> <span class='ocrx_word' id='word_1_126' title='bbox 512 2235 543 2286; x_wconf 90' lang='lat' dir='ltr'>et</span> <span class='ocrx_word' id='word_1_127' title='bbox 555 2227 579 2286; x_wconf 86' lang='lat' dir='ltr'>si</span> <span class='ocrx_word' id='word_1_128' title='bbox 593 2225 669 2305; x_wconf 86' lang='lat' dir='ltr'>quid</span> <span class='ocrx_word' id='word_1_129' title='bbox 682 2227 823 2306; x_wconf 86' lang='lat' dir='ltr'>praesidii</span> <span class='ocrx_word' id='word_1_130' title='bbox 837 2250 868 2289; x_wconf 88' lang='lat' dir='ltr'>se</span> <span class='ocrx_word' id='word_1_131' title='bbox 880 2233 1063 2296; x_wconf 89' lang='lat' dir='ltr'>constituere</span> <span class='ocrx_word' id='word_1_132' title='bbox 1077 2248 1191 2317; x_wconf 85' lang='lat' dir='ltr'>putant,</span> 
     </span>
     <span class='ocr_line' id='line_1_17' title="bbox 217 2335 1190 2426; baseline 0.012 -26"><span class='ocrx_word' id='word_1_133' title='bbox 217 2363 280 2401; x_wconf 93' lang='lat' dir='ltr'>non</span> <span class='ocrx_word' id='word_1_134' title='bbox 296 2339 440 2399; x_wconf 83' lang='lat' dir='ltr'>omittunt</span> <span class='ocrx_word' id='word_1_135' title='bbox 456 2335 651 2414; x_wconf 86' lang='lat' dir='ltr'>promerendi</span> <span class='ocrx_word' id='word_1_136' title='bbox 673 2337 870 2398; x_wconf 83' lang='lat' dir='ltr'>occasionem:</span> <span class='ocrx_word' id='word_1_137' title='bbox 897 2350 967 2401; x_wconf 89' lang='lat' dir='ltr'>sunt</span> <span class='ocrx_word' id='word_1_138' title='bbox 986 2344 1020 2404; x_wconf 89' lang='lat' dir='ltr'>hi</span> <span class='ocrx_word' id='word_1_139' title='bbox 1044 2347 1147 2426; x_wconf 83' lang='lat' dir='ltr'>igitur</span> <span class='ocrx_word' id='word_1_140' title='bbox 1164 2371 1190 2412; x_wconf 79' lang='lat' dir='ltr'>cs</span> 
     </span>
     <span class='ocr_line' id='line_1_18' title="bbox 218 2439 1191 2534; baseline 0.008 -25"><span class='ocrx_word' id='word_1_141' title='bbox 218 2450 300 2510; x_wconf 89' lang='lat' dir='ltr'>omni</span> <span class='ocrx_word' id='word_1_142' title='bbox 315 2447 440 2527; x_wconf 76' lang='lat' dir='ltr'>regione</span> <span class='ocrx_word' id='word_1_143' title='bbox 456 2445 672 2524; x_wconf 76' lang='lat' dir='ltr'>investigandi,</span> <span class='ocrx_word' id='word_1_144' title='bbox 698 2439 859 2527; x_wconf 70' lang='lat' dir='ltr'>ap&#39;petendi</span> <span class='ocrx_word' id='word_1_145' title='bbox 875 2458 906 2509; x_wconf 86' lang='lat' dir='ltr'>et</span> <span class='ocrx_word' id='word_1_146' title='bbox 922 2453 1142 2534; x_wconf 83' lang='lat' dir='ltr'>confirmandi,</span> <span class='ocrx_word' id='word_1_147' title='bbox 1169 2468 1191 2520; x_wconf 85' lang='lat' dir='ltr'>ut</span> 
     </span>
     <span class='ocr_line' id='line_1_19' title="bbox 218 2557 1191 2639; baseline 0.011 -21"><span class='ocrx_word' id='word_1_148' title='bbox 218 2560 252 2618; x_wconf 90' lang='lat' dir='ltr'>in</span> <span class='ocrx_word' id='word_1_149' title='bbox 273 2560 335 2618; x_wconf 88' lang='lat' dir='ltr'>suis</span> <span class='ocrx_word' id='word_1_150' title='bbox 361 2557 567 2618; x_wconf 86' lang='lat' dir='ltr'>vicinitatibus</span> <span class='ocrx_word' id='word_1_151' title='bbox 592 2557 649 2636; x_wconf 91' lang='lat' dir='ltr'>ipsi</span> <span class='ocrx_word' id='word_1_152' title='bbox 668 2559 797 2637; x_wconf 82' lang='lat' dir='ltr'>petentis</span> <span class='ocrx_word' id='word_1_153' title='bbox 821 2579 909 2620; x_wconf 82' lang='lat' dir='ltr'>causa</span> <span class='ocrx_word' id='word_1_154' title='bbox 933 2562 1017 2639; x_wconf 81' lang='lat' dir='ltr'>quasi</span> <span class='ocrx_word' id='word_1_155' title='bbox 1040 2567 1191 2631; x_wconf 82' lang='lat' dir='ltr'>candidat</span> 
     </span>
     <span class='ocr_line' id='line_1_20' title="bbox 217 2667 345 2751; baseline 0 -23"><span class='ocrx_word' id='word_1_156' title='bbox 217 2671 277 2728; x_wconf 88' lang='lat' dir='ltr'>sint</span> <span class='ocrx_word' id='word_1_157' title='bbox 291 2667 345 2751; x_wconf 88' lang='lat'><strong>(6).</strong></span> 
     </span>
    </p>

    <p class='ocr_par' dir='ltr' id='par_1_5' title="bbox 211 2757 1192 3192">
     <span class='ocr_line' id='line_1_21' title="bbox 259 2757 1192 2863; baseline 0.002 -23"><span class='ocrx_word' id='word_1_158' title='bbox 259 2781 334 2840; x_wconf 85' lang='lat' dir='ltr'>Ecce</span> <span class='ocrx_word' id='word_1_159' title='bbox 361 2770 472 2838; x_wconf 89' lang='lat' dir='ltr'>amieos</span> <span class='ocrx_word' id='word_1_160' title='bbox 499 2757 611 2851; x_wconf 86' lang='lat' dir='ltr'>varios,</span> <span class='ocrx_word' id='word_1_161' title='bbox 637 2796 767 2855; x_wconf 89' lang='lat' dir='ltr'>quorum</span> <span class='ocrx_word' id='word_1_162' title='bbox 791 2777 898 2856; x_wconf 75' lang='lat' dir='ltr'>operi,</span> <span class='ocrx_word' id='word_1_163' title='bbox 917 2779 1041 2841; x_wconf 86' lang='lat' dir='ltr'>honeste</span> <span class='ocrx_word' id='word_1_164' title='bbox 1056 2792 1192 2863; x_wconf 63' lang='lat' dir='ltr'>quamvis</span> 
     </span>
     <span class='ocr_line' id='line_1_22' title="bbox 220 2884 1190 2979; baseline 0.007 -31"><span class='ocrx_word' id='word_1_165' title='bbox 220 2893 281 2951; x_wconf 91' lang='lat' dir='ltr'>iam</span> <span class='ocrx_word' id='word_1_166' title='bbox 307 2889 464 2949; x_wconf 85' lang='lat' dir='ltr'>adulanter</span> <span class='ocrx_word' id='word_1_167' title='bbox 489 2884 634 2960; x_wconf 75' lang='lat' dir='ltr'>excitati,</span> <span class='ocrx_word' id='word_1_168' title='bbox 664 2887 870 2948; x_wconf 86' lang='lat' dir='ltr'>centuriarum</span> <span class='ocrx_word' id='word_1_169' title='bbox 896 2889 1028 2968; x_wconf 85' lang='lat' dir='ltr'>ipsarum</span> <span class='ocrx_word' id='word_1_170' title='bbox 1055 2896 1190 2979; x_wconf 71' lang='lat' dir='ltr'>suffragia</span> 
     </span>
     <span class='ocr_line' id='line_1_23' title="bbox 211 2990 1190 3075; baseline 0.007 -16"><span class='ocrx_word' id='word_1_171' title='bbox 211 2990 305 3060; x_wconf 73' lang='lat' dir='ltr'>&#39;erant</span> <span class='ocrx_word' id='word_1_172' title='bbox 318 2993 528 3073; x_wconf 82' lang='lat' dir='ltr'>comparanda.</span> <span class='ocrx_word' id='word_1_173' title='bbox 570 2995 629 3054; x_wconf 88' lang='lat' dir='ltr'>Sed</span> <span class='ocrx_word' id='word_1_174' title='bbox 643 2995 702 3055; x_wconf 83' lang='lat' dir='ltr'>aliu</span> <span class='ocrx_word' id='word_1_175' title='bbox 720 3017 843 3075; x_wconf 88' lang='lat' dir='ltr'>quoquc</span> <span class='ocrx_word' id='word_1_176' title='bbox 859 3009 945 3059; x_wconf 84' lang='lat' dir='ltr'>erent</span> <span class='ocrx_word' id='word_1_177' title='bbox 963 3005 1065 3063; x_wconf 89' lang='lat' dir='ltr'>cuncti</span> <span class='ocrx_word' id='word_1_178' title='bbox 1085 3009 1190 3070; x_wconf 77' lang='lat' dir='ltr'>ordini</span> 
     </span>
     <span class='ocr_line' id='line_1_24' title="bbox 219 3104 1190 3192; baseline -0.002 -25"><span class='ocrx_word' id='word_1_179' title='bbox 219 3107 397 3181; x_wconf 85' lang='lat' dir='ltr'>amicorum,</span> <span class='ocrx_word' id='word_1_180' title='bbox 417 3104 708 3165; x_wconf 84' lang='lat' dir='ltr'>adolescentulorum</span> <span class='ocrx_word' id='word_1_181' title='bbox 724 3108 913 3187; x_wconf 84' lang='lat' dir='ltr'>praesertim,</span> <span class='ocrx_word' id='word_1_182' title='bbox 936 3113 969 3170; x_wconf 93' lang='lat' dir='ltr'>in</span> <span class='ocrx_word' id='word_1_183' title='bbox 982 3123 1140 3192; x_wconf 82' lang='lat' dir='ltr'>petentem</span> <span class='ocrx_word' id='word_1_184' title='bbox 1157 3122 1190 3182; x_wconf 77' lang='lat' dir='ltr'>ot.</span> 
     </span>
    </p>
   </div>
   <div class='ocr_carea' id='block_1_5' title="bbox 220 3199 1191 3309">
    <p class='ocr_par' dir='ltr' id='par_1_6' title="bbox 220 3199 1191 3309">
     <span class='ocr_line' id='line_1_25' title="bbox 220 3199 1191 3309; baseline 0.011 -31"><span class='ocrx_word' id='word_1_185' title='bbox 220 3219 302 3295; x_wconf 84' lang='lat' dir='ltr'>ficia,</span> <span class='ocrx_word' id='word_1_186' title='bbox 328 3236 407 3297; x_wconf 91' lang='lat' dir='ltr'>quae</span> <span class='ocrx_word' id='word_1_187' title='bbox 430 3236 492 3276; x_wconf 94' lang='lat' dir='ltr'>uno</span> <span class='ocrx_word' id='word_1_188' title='bbox 510 3199 707 3276; x_wconf 64' lang='lat' dir='ltr'>adsectationis</span> <span class='ocrx_word' id='word_1_189' title='bbox 724 3217 817 3278; x_wconf 86' lang='lat' dir='ltr'>verbo</span> <span class='ocrx_word' id='word_1_190' title='bbox 833 3222 1151 3309; x_wconf 81' lang='lat' dir='ltr'>comprehenduntur,</span> <span class='ocrx_word' id='word_1_191' title='bbox 1170 3241 1191 3292; x_wconf 87' lang='lat' dir='ltr'>et</span> 
     </span>
    </p>
   </div>
   <div class='ocr_carea' id='block_1_6' title="bbox 219 3328 1192 3749">
    <p class='ocr_par' dir='ltr' id='par_1_7' title="bbox 219 3328 1192 3749">
     <span class='ocr_line' id='line_1_26' title="bbox 219 3328 1192 3412; baseline 0.011 -21"><span class='ocrx_word' id='word_1_192' title='bbox 219 3332 307 3391; x_wconf 84' lang='lat' dir='ltr'>cuius</span> <span class='ocrx_word' id='word_1_193' title='bbox 321 3338 355 3390; x_wconf 89' lang='lat' dir='ltr'>ut</span> <span class='ocrx_word' id='word_1_194' title='bbox 371 3337 431 3388; x_wconf 88' lang='lat' dir='ltr'>tres</span> <span class='ocrx_word' id='word_1_195' title='bbox 447 3335 534 3388; x_wconf 85' lang='lat' dir='ltr'>erant</span> <span class='ocrx_word' id='word_1_196' title='bbox 548 3328 675 3407; x_wconf 82' lang='lat' dir='ltr'>species,</span> <span class='ocrx_word' id='word_1_197' title='bbox 694 3328 737 3389; x_wconf 91' lang='lat' dir='ltr'>sic</span> <span class='ocrx_word' id='word_1_198' title='bbox 755 3328 889 3391; x_wconf 84' lang='lat' dir='ltr'>diversae</span> <span class='ocrx_word' id='word_1_199' title='bbox 905 3332 1098 3412; x_wconf 78' lang='lat' dir='ltr'>singulorum</span> <span class='ocrx_word' id='word_1_200' title='bbox 1115 3343 1146 3402; x_wconf 88' lang='lat' dir='ltr'>iu</span> <span class='ocrx_word' id='word_1_201' title='bbox 1161 3343 1192 3401; x_wconf 85' lang='lat' dir='ltr'>iis</span> 
     </span>
     <span class='ocr_line' id='line_1_27' title="bbox 219 3437 1191 3526; baseline 0.006 -22"><span class='ocrx_word' id='word_1_202' title='bbox 219 3452 305 3504; x_wconf 84' lang='lat' dir='ltr'>erant</span> <span class='ocrx_word' id='word_1_203' title='bbox 320 3449 420 3521; x_wconf 86' lang='lat' dir='ltr'>partes</span> <span class='ocrx_word' id='word_1_204' title='bbox 433 3437 486 3522; x_wconf 91' lang='lat'>(7)</span> <span class='ocrx_word' id='word_1_205' title='bbox 528 3439 641 3499; x_wconf 75' lang='lat' dir='ltr'>Primos</span> <span class='ocrx_word' id='word_1_206' title='bbox 661 3449 755 3519; x_wconf 75' lang='lat' dir='ltr'>agunt</span> <span class='ocrx_word' id='word_1_207' title='bbox 778 3442 961 3523; x_wconf 78' lang='lat' dir='ltr'>salutatores3</span> <span class='ocrx_word' id='word_1_208' title='bbox 989 3467 1125 3526; x_wconf 88' lang='lat' dir='ltr'>quorum</span> <span class='ocrx_word' id='word_1_209' title='bbox 1148 3454 1191 3514; x_wconf 79' lang='lat' dir='ltr'>alii</span> 
     </span>
     <span class='ocr_line' id='line_1_28' title="bbox 219 3551 1189 3646; baseline 0.005 -31"><span class='ocrx_word' id='word_1_210' title='bbox 219 3556 253 3617; x_wconf 87' lang='lat' dir='ltr'>in</span> <span class='ocrx_word' id='word_1_211' title='bbox 268 3557 369 3615; x_wconf 76' lang='lat' dir='ltr'>sorum</span> <span class='ocrx_word' id='word_1_212' title='bbox 385 3552 436 3612; x_wconf 81' lang='lat' dir='ltr'>rel</span> <span class='ocrx_word' id='word_1_213' title='bbox 451 3571 592 3630; x_wconf 78' lang='lat' dir='ltr'>catnpum</span> <span class='ocrx_word' id='word_1_214' title='bbox 611 3551 804 3613; x_wconf 87' lang='lat' dir='ltr'>descendenti</span> <span class='ocrx_word' id='word_1_215' title='bbox 821 3555 939 3620; x_wconf 69' lang='lat' dir='ltr'>obviam</span> <span class='ocrx_word' id='word_1_216' title='bbox 957 3559 1041 3618; x_wconf 84' lang='lat' dir='ltr'>ibant</span> <span class='ocrx_word' id='word_1_217' title='bbox 1056 3560 1120 3646; x_wconf 80' lang='lat'><em>(8),</em></span> <span class='ocrx_word' id='word_1_218' title='bbox 1147 3566 1189 3627; x_wconf 72' lang='lat' dir='ltr'>ati</span> 
     </span>
     <span class='ocr_line' id='line_1_29' title="bbox 221 3659 1189 3749; baseline 0.003 -23"><span class='ocrx_word' id='word_1_219' title='bbox 221 3668 345 3728; x_wconf 91' lang='lat' dir='ltr'>domum</span> <span class='ocrx_word' id='word_1_220' title='bbox 363 3662 490 3724; x_wconf 87' lang='lat' dir='ltr'>veniunt</span> <span class='ocrx_word' id='word_1_221' title='bbox 497 3659 553 3743; x_wconf 83' lang='lat'>(9):</span> <span class='ocrx_word' id='word_1_222' title='bbox 575 3661 609 3721; x_wconf 90' lang='lat' dir='ltr'>hi</span> <span class='ocrx_word' id='word_1_223' title='bbox 623 3670 724 3724; x_wconf 85' lang='lat' dir='ltr'>autem</span> <span class='ocrx_word' id='word_1_224' title='bbox 738 3674 824 3726; x_wconf 86' lang='lat' dir='ltr'>erant</span> <span class='ocrx_word' id='word_1_225' title='bbox 840 3670 933 3746; x_wconf 75' lang='lat' dir='ltr'>magis</span> <span class='ocrx_word' id='word_1_226' title='bbox 949 3670 1091 3749; x_wconf 74' lang='lat' dir='ltr'>vulgares</span> <span class='ocrx_word' id='word_1_227' title='bbox 1107 3686 1189 3739; x_wconf 58' lang='lat' dir='ltr'>secto</span> 
     </span>
    </p>
   </div>
   <div class='ocr_carea' id='block_1_7' title="bbox 225 3939 1193 4191">
    <p class='ocr_par' dir='ltr' id='par_1_8' title="bbox 225 3939 1193 4191">
     <span class='ocr_line' id='line_1_30' title="bbox 262 3939 1191 4026; baseline -0.01 -23"><span class='ocrx_word' id='word_1_228' title='bbox 262 3948 303 4018; x_wconf 92' lang='grc'>(1)</span> <span class='ocrx_word' id='word_1_229' title='bbox 325 3945 366 3999; x_wconf 79' lang='lat' dir='ltr'>Dc</span> <span class='ocrx_word' id='word_1_230' title='bbox 379 3947 435 3998; x_wconf 80' lang='lat' dir='ltr'>Pet.</span> <span class='ocrx_word' id='word_1_231' title='bbox 452 3946 469 4012; x_wconf 58' lang='grc' dir='ltr'><strong>β</strong></span> <span class='ocrx_word' id='word_1_232' title='bbox 484 3944 527 3999; x_wconf 75' lang='lat'>29.</span> <span class='ocrx_word' id='word_1_233' title='bbox 582 3939 624 4010; x_wconf 73' lang='lat'>(2)</span> <span class='ocrx_word' id='word_1_234' title='bbox 643 3942 711 3995; x_wconf 86' lang='lat' dir='ltr'>Ibid.</span> <span class='ocrx_word' id='word_1_235' title='bbox 728 3944 743 4010; x_wconf 66' lang='lat'><strong>5</strong></span> <span class='ocrx_word' id='word_1_236' title='bbox 759 3945 890 4011; x_wconf 79' lang='lat' dir='ltr'>3,1e‚30.</span> <span class='ocrx_word' id='word_1_237' title='bbox 944 3948 986 4019; x_wconf 84' lang='grc'>(3)</span> <span class='ocrx_word' id='word_1_238' title='bbox 1006 3950 1049 4003; x_wconf 56' lang='lat' dir='ltr'>De</span> <span class='ocrx_word' id='word_1_239' title='bbox 1064 3956 1191 4026; x_wconf 54' lang='lat' dir='ltr'>mm</span> 
     </span>
     <span class='ocr_line' id='line_1_31' title="bbox 225 4025 1191 4110; baseline 0.006 -25"><span class='ocrx_word' id='word_1_240' title='bbox 225 4033 266 4103; x_wconf 73' lang='lat' dir='ltr'>(t)</span> <span class='ocrx_word' id='word_1_241' title='bbox 292 4032 362 4086; x_wconf 84' lang='lat' dir='ltr'>lbid.</span> <span class='ocrx_word' id='word_1_242' title='bbox 384 4031 400 4098; x_wconf 83' lang='lat'><em>§</em></span> <span class='ocrx_word' id='word_1_243' title='bbox 421 4031 464 4082; x_wconf 79' lang='lat'>24.</span> <span class='ocrx_word' id='word_1_244' title='bbox 536 4025 576 4094; x_wconf 85' lang='grc'>(5)</span> <span class='ocrx_word' id='word_1_245' title='bbox 598 4029 644 4078; x_wconf 85' lang='lat' dir='ltr'>Pr.</span> <span class='ocrx_word' id='word_1_246' title='bbox 658 4029 732 4079; x_wconf 84' lang='lat' dir='ltr'>Mur.</span> <span class='ocrx_word' id='word_1_247' title='bbox 751 4028 795 4082; x_wconf 79' lang='lat'>23.</span> <span class='ocrx_word' id='word_1_248' title='bbox 810 4031 852 4082; x_wconf 80' lang='lat'>4⁷.</span> <span class='ocrx_word' id='word_1_249' title='bbox 923 4032 965 4104; x_wconf 87' lang='grc'>(6)</span> <span class='ocrx_word' id='word_1_250' title='bbox 991 4035 1033 4086; x_wconf 80' lang='lat' dir='ltr'>De</span> <span class='ocrx_word' id='word_1_251' title='bbox 1048 4041 1107 4092; x_wconf 83' lang='lat' dir='ltr'>Pet.</span> <span class='ocrx_word' id='word_1_252' title='bbox 1125 4043 1191 4110; x_wconf 65' lang='lat' dir='ltr'>§di</span> 
     </span>
     <span class='ocr_line' id='line_1_32' title="bbox 228 4107 1193 4191; baseline 0.003 -22"><span class='ocrx_word' id='word_1_253' title='bbox 228 4115 269 4185; x_wconf 88' lang='grc'>(7)</span> <span class='ocrx_word' id='word_1_254' title='bbox 287 4114 355 4168; x_wconf 82' lang='lat' dir='ltr'>ibid.</span> <span class='ocrx_word' id='word_1_255' title='bbox 373 4113 442 4180; x_wconf 66' lang='lat'>533,</span> <span class='ocrx_word' id='word_1_256' title='bbox 453 4128 491 4178; x_wconf 88' lang='lat' dir='ltr'>sq.</span> <span class='ocrx_word' id='word_1_257' title='bbox 546 4107 587 4178; x_wconf 83' lang='lat'>(8)</span> <span class='ocrx_word' id='word_1_258' title='bbox 609 4111 654 4162; x_wconf 77' lang='lat' dir='ltr'>Pr.</span> <span class='ocrx_word' id='word_1_259' title='bbox 662 4111 735 4162; x_wconf 80' lang='lat' dir='ltr'>Mur.</span> <span class='ocrx_word' id='word_1_260' title='bbox 743 4111 787 4162; x_wconf 79' lang='lat'>33.</span> <span class='ocrx_word' id='word_1_261' title='bbox 802 4112 847 4179; x_wconf 73' lang='lat'>68,</span> <span class='ocrx_word' id='word_1_262' title='bbox 856 4132 894 4182; x_wconf 83' lang='lat' dir='ltr'>sq.</span> <span class='ocrx_word' id='word_1_263' title='bbox 949 4116 989 4183; x_wconf 78' lang='grc'>(9)</span> <span class='ocrx_word' id='word_1_264' title='bbox 1010 4117 1120 4175; x_wconf 68' lang='lat' dir='ltr'>Dares.</span> <span class='ocrx_word' id='word_1_265' title='bbox 1136 4124 1193 4191; x_wconf 59' lang='grc' dir='ltr'>(ἦ.</span> 
     </span>
    </p>
   </div>
   <div class='ocr_carea' id='block_1_8' title="bbox 0 0 1414 5572">
    <p class='ocr_par' dir='ltr' id='par_1_9' title="bbox 0 0 1414 5572">
     <span class='ocr_line' id='line_1_33' title="bbox 0 0 1414 5572; baseline 0 0"><span class='ocrx_word' id='word_1_266' title='bbox 0 0 1414 5572; x_wconf 95' lang='lat' dir='ltr'> </span> 
     </span>
    </p>
   </div>
  </div>
 </body>
</html>
