2836 5588
540 466 578 524 53

64 671 128 745 stis,
156 669 194 730 ad
213 689 318 730 eorum
329 669 472 729 ordinem
490 669 588 730 aditus
605 667 910 751 pateretcandidato5
933 689 968 730 eo
983 690 1041 730 ma-

63 782 122 857 gis,
152 781 176 838 si
203 780 447 858 competitoribus
472 788 580 840 natura
596 780 654 840 hae
680 778 712 837 iu
737 799 771 838 re
797 780 890 858 magis
908 779 1038 840 faverat:

62 899 148 950 erant
165 891 247 950 enim
266 893 314 951 vel
332 891 447 968 invidi,
468 893 517 952 vel
530 891 584 971 qui
599 889 725 950 nimiam
738 889 906 950 innocentis
914 901 944 950 et
952 892 1041 970 probi

64 1000 125 1058 viri
140 1002 346 1062 auctoritatem
364 1004 518 1079 timerent,
539 1003 587 1062 vel
605 1002 708 1080 aliqua
725 1001 944 1062 necessitudine
961 1022 1038 1063 com·

63 1111 241 1187 petitoribus
264 1113 361 1173 iuncti
378 1112 432 1197 (1)
472 1113 511 1172 At
531 1133 568 1173 eo
584 1111 679 1190 magis
695 1111 777 1171 omni
795 1119 859 1172 arte
874 1121 964 1191 atque
981 1133 1040 1174 am-

62 1223 177 1283 bitione
195 1243 301 1284 eorum
318 1225 495 1304 suffragimn
509 1231 574 1284 erat
591 1222 823 1301 efflagitandum.
849 1233 851 1235 ’

103 1333 245 1412 Equitum
278 1345 379 1396 autem
412 1335 568 1396 centuriae
600 1334 755 1412 aliquanto
782 1334 900 1394 facilius
926 1336 1043 1414 acquiri

61 1452 216 1521 poterant,
249 1447 288 1506 ab
321 1467 358 1506 eo
383 1446 576 1524 praesertim,
602 1445 656 1524 qui
680 1445 872 1523 exipsorum
896 1454 970 1506 esset
997 1468 1042 1507 or·

62 1554 151 1614 dine:
172 1575 270 1634 quum
288 1557 370 1616 enim
388 1577 515 1617 numero
531 1576 593 1616 non
612 1555 699 1616 valde
716 1556 806 1616 multi
822 1566 918 1616 essent
926 1604 936 1633 ,
954 1557 1043 1618 facile

62 1673 200 1742 poteraut
217 1667 368 1744 cognosci,
386 1675 415 1726 et
432 1686 528 1745 quum
546 1666 747 1727 adolescentes
760 1666 936 1743 praesertim
953 1688 1041 1728 suum

61 1776 94 1834 in
123 1774 313 1854 suffragando
339 1777 474 1836 studium
498 1785 674 1854 ponerent,
689 1776 765 1836 haec
790 1779 853 1855 ipsa
879 1786 975 1854 aetas,
1003 1779 1042 1839 ad

61 1885 227 1947 amicitiam
258 1880 399 1964 pronior,
434 1886 620 1948 commodius
650 1886 699 1947 ad'
714 1887 915 1966 suscipiendas
941 1889 1040 1949 candi-

59 1997 123 2057 dati
152 2005 251 2075 partes
265 2005 268 2010 ’
283 1997 544 2075 commovebatur,
575 1997 665 2058 modo
694 2017 756 2057 non
786 1981 904 2058 ordinis
908 2009 912 2015 ’
924 2006 1042 2059 tautum

60 2109 232 2184 voluntate,
261 2107 314 2168 sed
339 2109 544 2186 singulorum,
573 2107 807 2184 municipalium
828 2105 874 2188 (2)
901 2129 1041 2188 quoque,

59 2218 214 2295 amicitiis,
236 2219 348 2278 harum
374 2219 581 2277 centuriarum
607 2217 792 2277 voluntatem
809 2219 1041 2297 acquirendam,

59 2337 90 2388 et
118 2329 295 2405 petitionem
311 2327 458 2386 nitentem
475 2326 595 2386 duxerit
609 2325 662 2408 (3).
703 2327 853 2401 Quantum
871 2337 972 2388 autem
988 2331 1041 2390 ho·
1132 2347 1134 2351 ’

58 2459 128 2498 rum
146 2437 284 2517 equitum
303 2439 453 2514 voluntas,
472 2437 648 2516 praesertim
665 2438 897 2516 publicanorum
912 2438 971 2522 (4),
993 2462 1040 2502 va·

59 2547 169 2622 luerit,
189 2525 256 2605 tum
272 2547 311 2605 ob
327 2548 514 2605 honestatem
532 2546 660 2620 ordinis,
676 2555 742 2604 tum
756 2568 828 2608 vero
841 2551 880 2608 ob
894 2551 1040 2612 centuria-

60 2678 131 2717 rum
148 2657 226 2732 vim,
244 2655 404 2715 obscurum
423 2673 485 2713 esse
502 2674 564 2713 non
580 2662 688 2732 potest:
706 2663 736 2714 et
751 2655 823 2716 inde
838 2658 929 2716 etiam
943 2667 1040 2736 patet,

61 2768 146 2847 quod
172 2767 206 2825 in
229 2764 397 2826 accusando
421 2786 568 2841 11111111,
594 2787 651 2826 sun.
676 2787 809 2826 sonneras
828 2767 867 2827 de
884 2768 931 2827 his
950 2770 1041 2831 unice

62 2878 160 2956 egerit
168 2902 177 2955 ;
200 2878 251 2936 cui
267 2875 413 2954 singulari
430 2877 496 2937 loco
513 2875 664 2954 respondit
680 2875 845 2957 11111ο’(5).
912 2886 916 2892 ’
1027 2892 1030 2897 ·

103 2988 142 3047 At
159 2987 346 3066 reliquarum
362 3006 484 3067 quoque
502 2987 707 3047 centuriarum
727 2987 812 3048 favor
835 2996 898 3050 erat
923 2988 1041 3070 captanss

65 3100 135 3175 dus,
156 3106 217 3158 tam
235 3098 418 3158 urbanarum
434 3117 526 3176 quam
543 3098 730 3158 rusticarum.
773 3099 885 3158 Harum
906 3102 1041 3187 omnium

63 3218 167 3269 autem
193 3206 326 3294 studium
352 3210 526 3285 praesertim
548 3207 698 3286 pendebat
724 3208 762 3266 ab
779 3210 912 3270 amicitia
934 3231 1040 3272 eorum

63 3317 276 3398 comparanda,
297 3317 350 3397 qui
365 3318 399 3375 in
414 3317 474 3376 illis
489 3325 575 3377 erant
591 3317 721 3396 gratiosi.
761 3317 798 3376 Ut
812 3327 898 3377 eraut
916 3321 949 3378 in
964 3321 1040 3382 urbe

57 3430 155 3489 'multi
180 3428 317 3487 homines
341 3427 494 3504 industrii,
524 3427 615 3487 multi
641 3427 784 3487 libertini
803 3429 894 3488 etiam
921 3430 954 3488 in
978 3432 1042 3493 foro

63 3539 200 3620 gratiosi:
230 3538 265 3598 bi
289 3538 377 3600 valde
404 3547 489 3599 erant
510 3538 672 3619 appetendi
695 3547 726 3598 et
749 3538 903 3599 alliciendi
926 3548 987 3599 tam
1005 3534 1043 3600 ab

64 3654 129 3731 ipso
155 3650 315 3712 candidato
341 3671 431 3730 quam
458 3651 496 3710 ab
521 3650 585 3709 eius
609 3650 726 3727 amicis,
743 3649 913 3736 ,laudandis
935 3671 1041 3711 eorum
1100 3655 1102 3660 ’

100 3935 141 4005 (1)
161 3933 229 3987 Ibid.
245 3933 388 4000 §aeta
442 3930 484 4001 (2)
506 3934 552 3983 Pr.
562 3932 654 3984 Plane.
662 3932 688 3985 8.
695 3931 738 3984 22.
792 3932 835 4002 (3)
855 3933 960 3985 DePet.
969 3933 986 4000 §
1000 3935 1044 3988 33.

64 4019 106 4086 (1)
127 4022 172 4071 Pr.
195 4021 286 4071 Plane.
308 4018 334 4069 9.
355 4017 407 4081 23,
427 4034 484 4085 sq.,
508 4034 535 4084 p.
552 4018 570 4067 l.
586 4015 680 4068 Manil.
696 4016 774 4069 7-17.
845 4015 886 4086 (5)
907 4019 953 4070 Pr.
968 4019 1040 4070 Mur.

64 4099 110 4154 26.
127 4103 169 4154 51.
