2836 5588
685 454 827 516 diff

217 665 321 725 nastris
342 662 431 724 rebus
449 657 565 740 perfrui
587 677 747 737 pessumus.
790 657 893 718 Gravis
918 661 1009 720 ctiam
1027 664 1080 724 illa
1099 675 1141 726 est
1161 676 1192 727 et

217 776 306 853 plena
333 772 499 850 dignitatis,
528 769 649 829 dicendi
670 768 808 845 facultas,
837 789 915 847 quae
938 791 1025 851 saepe
1045 776 1141 836 valuit
1159 780 1192 838 in
1278 768 1282 772 ³

217 884 344 943 Consule
362 880 523 960 deligendo
531 927 539 957 ,
549 864 642 959 ροβεο
655 879 779 939 consilio
794 880 993 959 etxoratione,¹
1006 892 1036 942 et
1054 880 1177 947 Senatus
1181 934 1193 973 ,Ι

215 1002 247 1053 et
260 993 378 1073 populi,
398 1000 547 1052 eteorum
558 990 613 1071 qui
627 1011 674 1050 res
690 988 838 1065 iudicant,
856 998 971 1050 mentes
984 997 1190 1072 permovere.''

216 1105 295 1164 Haec
315 1124 451 1164 ucaaours
468 1123 524 1182 pro
540 1121 668 1162 numrm
684 1100 776 1160 rerba
790 1120 853 1160 nun
871 1101 957 1180 potui
971 1122 1033 1163 non
1049 1104 1192 1168 hicinse·
1224 1129 1225 1132 ¹

212 1235 300 1292 rere,
328 1214 472 1293 quoniam
499 1212 598 1272 fratris
618 1210 799 1271 ¹testimonio
834 1210 991 1288 insigniter
1019 1213 1193 1276 confirman-

216 1334 267 1384 tur
281 1322 335 1407 (1)
375 1324 425 1383 llis
442 1324 524 1384 enim
543 1322 682 1403 amnibus
701 1319 781 1381 hona
798 1339 862 1398 spes
880 1320 965 1401 Reip.
984 1323 1194 1400 decandidato

214 1433 419 1510 confirmatur,
443 1442 479 1493 ut
502 1434 627 1520 Senatus
650 1450 721 1491 eum
745 1431 892 1494 existimet
914 1431 1102 1497 defensorem
1126 1459 1194 1501 auc·

216 1545 341 1604 inritatis
359 1564 429 1603 suae
445 1543 526 1620 scre3
548 1542 664 1621 equites
679 1549 710 1600 et
728 1541 887 1618 viriliani,
908 1544 1077 1606 studiosum
1090 1570 1194 1611 rerum

213 1652 461 1732 tranquillarnm,
482 1651 644 1713 multituda
663 1671 680 1710 a
703 1651 763 1711 suis
787 1653 950 1732 comiuodis
965 1676 1027 1714 nan
1045 1657 1194 1736 alienum,

212 1772 400 1842 augurentur
417 1761 471 1845 (2).
501 1774 503 1779 ’
1108 1826 1111 1830 Α

253 1875 293 1934 At
305 1875 355 1934 isti
369 1873 559 1934 multitudini
574 1891 614 1931 ne
627 1872 703 1934 haee
716 1871 841 1950 quidem
855 1873 1018 1935 sufficiunt:
1032 1878 1137 1941 videre
1145 1882 1195 1942 de·

212 1987 265 2046 bet
287 1986 453 2046 amicorum
476 1991 506 2043 et
530 1991 739 2044 assectator-um
761 1985 891 2063 copiam,
912 1984 1019 2048 audire
1036 1989 1075 2050 de
1091 1992 1197 2053 studiis

212 2096 362 2156 nobilium
391 2103 422 2156 et
447 2095 585 2173 equitum
592 2118 601 2172 5
627 2094 807 2172 intercipere
821 2094 866 2159 ‚de
891 2097 1044 2159 candidati
1057 2072 1197 2165 laudibus

212 2226 390 2267 sermonem.
431 2205 474 2265 Ile
489 2205 543 2264 illo
558 2224 681 2264 rumore
697 2204 895 2272 haec-arcano:
913 2205 1001 2265 »dies
1013 2208 1196 2274 intermistus

212 2337 304 2392 unus,
325 2323 377 2375 aut
391 2335 452 2401 nux
470 2312 645 2390 interposita
659 2331 746 2390 saepe
757 2314 914 2389 perturbat
926 2288 1044 2376 omnia.
1056 2363 1063 2376 .
1075 2363 1082 2376 .
1096 2290 1138 2381 *N
1139 2321 1196 2381 ihil

212 2435 257 2486 est
278 2426 423 2493 incertius
446 2423 553 2501 vulgo,
579 2423 659 2482 nihil
681 2424 836 2483 obscurius
851 2425 1005 2488 voluntate
1021 2428 1196 2510 hominmn,

212 2537 293 2596 nihil
309 2535 446 2597 fallacius
463 2534 580 2595 ratione
598 2541 659 2594 tota
673 2534 881 2593 comitiorum’'
899 2535 953 2617 (3).

253 2647 346 2705 unica
370 2652 414 2703 ea
437 2644 515 2702 rasso
535 2620 602 2720 'qua
627 2641 712 2699 inam
738 2641 943 2702 mutitudinis
969 2647 1197 2716 inconstantiam

214 2776 320 2837 regere
337 2754 440 2834 possis:
462 2752 526 2812 scil.
551 2750 712 2829 diligenter
724 2752 905 2830 expetendo,
926 2755 1072 2819 indefesse
1086 2766 1207 2842 suppli·⁴

216 2867 325 2929 cando:
351 2866 481 2945 populus
507 2863 589 2922 enim
612 2887 627 2920 u
636 2871 774 2922 movetur
789 2862 971 2944 plerumque
987 2870 1082 2945 gratia
1087 2917 1097 2946 ,
1117 2875 1198 2936 cedit

214 2977 368 3059 precibus3
398 2975 472 3034 facit
493 2994 558 3048 eos,
584 2992 602 3033 a
624 2974 734 3053 quibus
756 2975 886 3035 maxime
906 2985 950 3036 est
972 2980 1119 3042 anbitus’2
1136 2987 1196 3069 (4):

215 3092 324 3166 verbu,
345 3097 376 3148 et
397 3085 531 3148 assiduus
549 3085 586 3144 sit
606 3085 774 3146 canditatus
789 3094 821 3145 et
835 3088 992 3165 gratiosus:
1012 3125 1029 3135 —
1046 3094 1180 3157 assiduus
1186 3123 1195 3176 3

215 3223 333 3281 semper
348 3220 409 3260 esse
423 3198 549 3271 Romae,
570 3217 631 3256 non
645 3204 786 3275 expetere
798 3197 978 3277 provincias5
1001 3222 1080 3279 quae
1095 3225 1197 3283 quam·

215 3315 262 3374 vis
278 3309 431 3371 interdum
447 3307 592 3387 gratiosae
608 3307 667 3364 sint
676 3291 695 3380 ,⁸
706 3293 807 3364 tamen
823 3306 857 3365 in
874 3308 1007 3386 civitate,
1028 3319 1063 3370 ut
1081 3315 1114 3372 in
1124 3316 1198 3376 chli-

216 3427 306 3486 vione
325 3421 485 3483 hominum
505 3419 558 3493 sit,
583 3415 716 3476 efficiunt
729 3414 788 3497 (5):
816 3437 873 3477 nee
893 3421 1057 3482 metuenda
1078 3434 1122 3484 est
1144 3429 1199 3489 illa

216 3533 396 3599 assiduitatis
412 3531 541 3605 satietas,
562 3549 654 3607 quam
668 3548 774 3588 causae
788 3536 878 3608 atque
891 3532 980 3591 amici
994 3536 1089 3611 gratia
1104 3559 1198 3601 murac

216 3645 310 3706 refert
316 3641 373 3724 (6);
391 3640 531 3721 »prodest
543 3638 667 3718 quidem
679 3637 892 3699 vehementer''
905 3642 1005 3720 inquit
1015 3644 1093 3727 e(7)
1108 3669 1195 3708 »nus-

215 3824 535 3844 Μ

255 3931 296 3999 (1)
318 3929 359 3980 Dc
375 3929 430 3977 Pet.
448 3925 463 3992 §
479 3927 521 3978 55.
576 3923 618 3994 (2)
636 3921 704 3975 Ibid.
722 3921 794 3986 553.
849 3919 890 3991 (3)
911 3925 957 3976 Pr.
972 3924 1093 3979 Mur.17.
1102 3930 1146 3993 35,
1157 3946 1197 3999 sq.

221 4015 263 4080 (t)
284 4016 330 4064 Pr.
348 4013 438 4061 Plana.
454 4009 481 4059 d.
497 4008 528 4071 9,
547 4008 589 4059 11.
644 4005 686 4072 (ὅ)
706 4006 752 4054 Pr.
768 4005 840 4055 Mur.
857 4007 941 4071 8.18,
958 4027 986 4076 p.
1004 4011 1094 4060 Plano.
1103 4011 1145 4064 26.
1153 4014 1197 4066 65.

221 4099 265 4166 (6)
285 4102 331 4150 Pr.
348 4098 421 4150 Mur.
436 4096 461 4146 9.
476 4093 528 4155 21,
549 4109 586 4160 sq.
659 4090 701 4158 (7)
721 4088 832 4141 Daret.
850 4088 921 4154 §ld
