<?xml version="1.0" encoding="UTF-8"?>
<!DOCTYPE html PUBLIC "-//W3C//DTD XHTML 1.0 Transitional//EN"
    "http://www.w3.org/TR/xhtml1/DTD/xhtml1-transitional.dtd">
<html xmlns="http://www.w3.org/1999/xhtml" xml:lang="en" lang="en">
 <head>
  <title>
</title>
<meta http-equiv="Content-Type" content="text/html;charset=utf-8" />
  <meta name='ocr-system' content='tesseract 3.04.00' />
  <meta name='ocr-capabilities' content='ocr_page ocr_carea ocr_par ocr_line ocrx_word'/>
</head>
<body>
  <div class='ocr_page' id='page_1' title='image "./specimenliterar00tydegoog_0030.png"; bbox 0 0 2836 5588; ppageno 0'>
   <div class='ocr_carea' id='block_1_1' title="bbox 534 439 570 498">
    <p class='ocr_par' dir='ltr' id='par_1_1' title="bbox 534 439 570 498">
     <span class='ocr_line' id='line_1_1' title="bbox 534 439 570 498; baseline 0.028 -1"><span class='ocrx_word' id='word_1_1' title='bbox 534 439 570 498; x_wconf 87' lang='grc'><strong>19</strong></span> 
     </span>
    </p>
   </div>
   <div class='ocr_carea' id='block_1_2' title="bbox 44 641 1035 946">
    <p class='ocr_par' dir='ltr' id='par_1_2' title="bbox 44 641 1035 946">
     <span class='ocr_line' id='line_1_2' title="bbox 98 641 1034 723; baseline 0.002 -20"><span class='ocrx_word' id='word_1_2' title='bbox 98 643 145 703; x_wconf 87' lang='lat' dir='ltr'><strong>Ita</strong></span> <span class='ocrx_word' id='word_1_3' title='bbox 160 642 312 704; x_wconf 87' lang='lat' dir='ltr'><strong>sublatum</strong></span> <span class='ocrx_word' id='word_1_4' title='bbox 329 663 391 701; x_wconf 87' lang='lat' dir='ltr'><strong>esse</strong></span> <span class='ocrx_word' id='word_1_5' title='bbox 408 641 500 702; x_wconf 88' lang='lat' dir='ltr'><strong>credo</strong></span> <span class='ocrx_word' id='word_1_6' title='bbox 522 650 732 720; x_wconf 80' lang='lat' dir='ltr'><strong>argumentum</strong></span> <span class='ocrx_word' id='word_1_7' title='bbox 749 662 811 720; x_wconf 88' lang='lat' dir='ltr'><strong>quo</strong></span> <span class='ocrx_word' id='word_1_8' title='bbox 828 644 954 721; x_wconf 89' lang='lat' dir='ltr'><strong>probare</strong></span> <span class='ocrx_word' id='word_1_9' title='bbox 971 663 1034 723; x_wconf 91' lang='lat' dir='ltr'><strong>pos-</strong></span> 
     </span>
     <span class='ocr_line' id='line_1_3' title="bbox 44 753 1032 832; baseline 0.003 -19"><span class='ocrx_word' id='word_1_10' title='bbox 44 762 122 813; x_wconf 84' lang='lat' dir='ltr'><strong>·sent</strong></span> <span class='ocrx_word' id='word_1_11' title='bbox 138 753 316 829; x_wconf 82' lang='lat' dir='ltr'><strong>adversarii,</strong></span> <span class='ocrx_word' id='word_1_12' title='bbox 335 774 455 818; x_wconf 79' lang='lat' dir='ltr'><strong>commu</strong></span> <span class='ocrx_word' id='word_1_13' title='bbox 469 774 531 814; x_wconf 92' lang='lat' dir='ltr'><strong>non</strong></span> <span class='ocrx_word' id='word_1_14' title='bbox 548 755 695 832; x_wconf 71' lang='lat' dir='ltr'>scripsisse</span> <span class='ocrx_word' id='word_1_15' title='bbox 708 754 792 814; x_wconf 88' lang='lat' dir='ltr'><strong>hunc</strong></span> <span class='ocrx_word' id='word_1_16' title='bbox 810 755 850 814; x_wconf 90' lang='lat' dir='ltr'><strong>ad</strong></span> <span class='ocrx_word' id='word_1_17' title='bbox 863 777 891 816; x_wconf 86' lang='grc' dir='ltr'><strong>ιι.</strong></span> <span class='ocrx_word' id='word_1_18' title='bbox 907 756 1032 816; x_wconf 85' lang='lat' dir='ltr'><strong>fratrem</strong></span> 
     </span>
     <span class='ocr_line' id='line_1_4' title="bbox 57 864 1035 946; baseline 0.004 -22"><span class='ocrx_word' id='word_1_19' title='bbox 57 864 212 940; x_wconf 86' lang='lat' dir='ltr'><strong>libellum,</strong></span> <span class='ocrx_word' id='word_1_20' title='bbox 232 864 315 944; x_wconf 89' lang='lat' dir='ltr'><strong>quod</strong></span> <span class='ocrx_word' id='word_1_21' title='bbox 336 864 399 925; x_wconf 89' lang='lat' dir='ltr'><strong>scil.</strong></span> <span class='ocrx_word' id='word_1_22' title='bbox 413 865 475 945; x_wconf 70' lang='lat' dir='ltr'><strong>‘qui</strong></span> <span class='ocrx_word' id='word_1_23' title='bbox 500 865 650 944; x_wconf 81' lang='lat' dir='ltr'><strong>repulsam</strong></span> <span class='ocrx_word' id='word_1_24' title='bbox 665 865 700 924; x_wconf 93' lang='lat' dir='ltr'><strong>in</strong></span> <span class='ocrx_word' id='word_1_25' title='bbox 714 865 889 943; x_wconf 78' lang='lat' dir='ltr'><strong>magistratu</strong></span> <span class='ocrx_word' id='word_1_26' title='bbox 905 869 1035 946; x_wconf 91' lang='lat' dir='ltr'><strong>petendo</strong></span> 
     </span>
    </p>
   </div>
   <div class='ocr_carea' id='block_1_3' title="bbox 56 975 1099 1389">
    <p class='ocr_par' dir='ltr' id='par_1_3' title="bbox 56 975 932 1056">
     <span class='ocr_line' id='line_1_5' title="bbox 56 975 932 1056; baseline 0.008 -23"><span class='ocrx_word' id='word_1_27' title='bbox 56 975 182 1051; x_wconf 91' lang='lat' dir='ltr'><strong>tulerit,</strong></span> <span class='ocrx_word' id='word_1_28' title='bbox 203 996 264 1036; x_wconf 92' lang='lat' dir='ltr'><strong>non</strong></span> <span class='ocrx_word' id='word_1_29' title='bbox 281 976 319 1035; x_wconf 91' lang='lat' dir='ltr'><strong>de</strong></span> <span class='ocrx_word' id='word_1_30' title='bbox 340 977 452 1056; x_wconf 89' lang='lat' dir='ltr'><strong>optima</strong></span> <span class='ocrx_word' id='word_1_31' title='bbox 468 977 592 1055; x_wconf 88' lang='lat' dir='ltr'><strong>petendi</strong></span> <span class='ocrx_word' id='word_1_32' title='bbox 609 977 725 1038; x_wconf 87' lang='lat' dir='ltr'><strong>ratione</strong></span> <span class='ocrx_word' id='word_1_33' title='bbox 741 977 932 1040; x_wconf 76' lang='lat' dir='ltr'><strong>disseruisset.</strong></span> 
     </span>
    </p>

    <p class='ocr_par' dir='ltr' id='par_1_4' title="bbox 58 1086 1099 1389">
     <span class='ocr_line' id='line_1_6' title="bbox 99 1086 1099 1169; baseline 0.01 -24"><span class='ocrx_word' id='word_1_34' title='bbox 99 1087 130 1145; x_wconf 92' lang='lat' dir='ltr'><strong>Si</strong></span> <span class='ocrx_word' id='word_1_35' title='bbox 156 1086 249 1164; x_wconf 77' lang='lat' dir='ltr'><strong>igitur</strong></span> <span class='ocrx_word' id='word_1_36' title='bbox 273 1107 299 1149; x_wconf 81' lang='lat' dir='ltr'><strong>a</strong></span> <span class='ocrx_word' id='word_1_37' title='bbox 320 1109 351 1149; x_wconf 94' lang='lat' dir='ltr'><strong>n.</strong></span> <span class='ocrx_word' id='word_1_38' title='bbox 370 1087 430 1150; x_wconf 84' lang='lat'><strong>688</strong></span> <span class='ocrx_word' id='word_1_39' title='bbox 451 1088 566 1149; x_wconf 82' lang='lat' dir='ltr'><strong>Aedilis</strong></span> <span class='ocrx_word' id='word_1_40' title='bbox 589 1089 650 1149; x_wconf 86' lang='lat' dir='ltr'><strong>suit</strong></span> <span class='ocrx_word' id='word_1_41' title='bbox 669 1110 713 1163; x_wconf 74' lang='lat' dir='ltr'><strong>c,</strong></span> <span class='ocrx_word' id='word_1_42' title='bbox 736 1108 798 1166; x_wconf 90' lang='lat' dir='ltr'><strong>quo</strong></span> <span class='ocrx_word' id='word_1_43' title='bbox 819 1091 880 1150; x_wconf 90' lang='lat' dir='ltr'><strong>iam</strong></span> <span class='ocrx_word' id='word_1_44' title='bbox 897 1111 1038 1169; x_wconf 90' lang='lat' dir='ltr'><strong>prensare</strong></span> <span class='ocrx_word' id='word_1_45' title='bbox 1095 1143 1099 1155; x_wconf 86' lang='lat'><strong>.</strong></span> 
     </span>
     <span class='ocr_line' id='line_1_7' title="bbox 58 1187 1039 1278; baseline 0.006 -21"><span class='ocrx_word' id='word_1_46' title='bbox 58 1197 160 1276; x_wconf 86' lang='lat' dir='ltr'><strong>coepit</strong></span> <span class='ocrx_word' id='word_1_47' title='bbox 180 1218 276 1259; x_wconf 80' lang='lat' dir='ltr'><strong>memo</strong></span> <span class='ocrx_word' id='word_1_48' title='bbox 296 1218 322 1260; x_wconf 90' lang='lat' dir='ltr'><strong>a.</strong></span> <span class='ocrx_word' id='word_1_49' title='bbox 342 1199 371 1260; x_wconf 90' lang='lat' dir='ltr'><strong>d.</strong></span> <span class='ocrx_word' id='word_1_50' title='bbox 390 1221 442 1262; x_wconf 77' lang='lat' dir='ltr'><strong>xm</strong></span> <span class='ocrx_word' id='word_1_51' title='bbox 457 1199 523 1261; x_wconf 80' lang='lat' dir='ltr'><strong>Kal.</strong></span> <span class='ocrx_word' id='word_1_52' title='bbox 542 1201 639 1278; x_wconf 77' lang='lat' dir='ltr'><strong>Sept,</strong></span> <span class='ocrx_word' id='word_1_53' title='bbox 656 1187 1039 1263; x_wconf 55' lang='lat' dir='ltr'><strong>comitiorum-tribunicia</strong></span> 
     </span>
     <span class='ocr_line' id='line_1_8' title="bbox 58 1309 1037 1389; baseline 0.004 -20"><span class='ocrx_word' id='word_1_54' title='bbox 58 1329 143 1386; x_wconf 89' lang='lat' dir='ltr'><strong>rum,</strong></span> <span class='ocrx_word' id='word_1_55' title='bbox 157 1309 267 1388; x_wconf 89' lang='lat' dir='ltr'><strong>quibus</strong></span> <span class='ocrx_word' id='word_1_56' title='bbox 279 1329 389 1389; x_wconf 79' lang='lat' dir='ltr'><strong>magna</strong></span> <span class='ocrx_word' id='word_1_57' title='bbox 402 1312 562 1374; x_wconf 90' lang='lat' dir='ltr'><strong>hominum</strong></span> <span class='ocrx_word' id='word_1_58' title='bbox 579 1310 668 1370; x_wconf 89' lang='lat' dir='ltr'><strong>turba</strong></span> <span class='ocrx_word' id='word_1_59' title='bbox 673 1311 836 1386; x_wconf 83' lang='lat' dir='ltr'><strong>intererat,</strong></span> <span class='ocrx_word' id='word_1_60' title='bbox 851 1313 1037 1373; x_wconf 82' lang='lat' dir='ltr'><strong>occasionem</strong></span> 
     </span>
    </p>
   </div>
   <div class='ocr_carea' id='block_1_4' title="bbox 53 1421 1042 3715">
    <p class='ocr_par' dir='ltr' id='par_1_5' title="bbox 53 1421 1041 3030">
     <span class='ocr_line' id='line_1_9' title="bbox 58 1421 1035 1502; baseline 0.001 -20"><span class='ocrx_word' id='word_1_61' title='bbox 58 1421 218 1500; x_wconf 79' lang='lat' dir='ltr'><strong>arripiens,</strong></span> <span class='ocrx_word' id='word_1_62' title='bbox 231 1455 249 1467; x_wconf 92' lang='lat'><strong>·</strong></span> <span class='ocrx_word' id='word_1_63' title='bbox 261 1423 400 1502; x_wconf 80' lang='lat' dir='ltr'><strong>sequenti</strong></span> <span class='ocrx_word' id='word_1_64' title='bbox 416 1422 541 1482; x_wconf 87' lang='lat' dir='ltr'><strong>demum</strong></span> <span class='ocrx_word' id='word_1_65' title='bbox 557 1441 637 1481; x_wconf 87' lang='lat' dir='ltr'><strong>anno</strong></span> <span class='ocrx_word' id='word_1_66' title='bbox 648 1421 787 1481; x_wconf 87' lang='lat' dir='ltr'><strong>libellum</strong></span> <span class='ocrx_word' id='word_1_67' title='bbox 804 1422 938 1499; x_wconf 87' lang='lat' dir='ltr'><strong>huncce,</strong></span> <span class='ocrx_word' id='word_1_68' title='bbox 958 1443 1035 1496; x_wconf 80' lang='lat' dir='ltr'><strong>earn,-</strong></span> 
     </span>
     <span class='ocr_line' id='line_1_10' title="bbox 57 1531 1036 1613; baseline 0.002 -20"><span class='ocrx_word' id='word_1_69' title='bbox 57 1552 109 1609; x_wconf 78' lang='lat' dir='ltr'><strong>re,</strong></span> <span class='ocrx_word' id='word_1_70' title='bbox 128 1533 154 1592; x_wconf 87' lang='lat' dir='ltr'><strong>si</strong></span> <span class='ocrx_word' id='word_1_71' title='bbox 168 1532 256 1608; x_wconf 82' lang='lat' dir='ltr'><strong>velis,</strong></span> <span class='ocrx_word' id='word_1_72' title='bbox 274 1532 444 1610; x_wconf 89' lang='lat' dir='ltr'><strong>epistolam,</strong></span> <span class='ocrx_word' id='word_1_73' title='bbox 463 1531 593 1609; x_wconf 70' lang='lat' dir='ltr'><strong>scripsit,</strong></span> <span class='ocrx_word' id='word_1_74' title='bbox 610 1551 680 1592; x_wconf 90' lang='lat' dir='ltr'><strong>nam</strong></span> <span class='ocrx_word' id='word_1_75' title='bbox 699 1532 896 1613; x_wconf 77' lang='lat' dir='ltr'><strong>adpetentem</strong></span> <span class='ocrx_word' id='word_1_76' title='bbox 912 1534 1036 1595; x_wconf 91' lang='lat' dir='ltr'><strong>fratrem</strong></span> 
     </span>
     <span class='ocr_line' id='line_1_11' title="bbox 59 1639 1036 1723; baseline 0.003 -20"><span class='ocrx_word' id='word_1_77' title='bbox 59 1643 178 1720; x_wconf 88' lang='lat' dir='ltr'><strong>scripsit</strong></span> <span class='ocrx_word' id='word_1_78' title='bbox 194 1639 251 1723; x_wconf 84' lang='lat' dir='ltr'><strong>(l):</strong></span> <span class='ocrx_word' id='word_1_79' title='bbox 272 1663 351 1723; x_wconf 85' lang='lat' dir='ltr'><strong>quae</strong></span> <span class='ocrx_word' id='word_1_80' title='bbox 375 1661 432 1702; x_wconf 82' lang='lat' dir='ltr'><strong>vox</strong></span> <span class='ocrx_word' id='word_1_81' title='bbox 457 1641 598 1702; x_wconf 84' lang='lat' dir='ltr'><strong>solemnis</strong></span> <span class='ocrx_word' id='word_1_82' title='bbox 617 1652 662 1703; x_wconf 88' lang='lat' dir='ltr'><strong>est</strong></span> <span class='ocrx_word' id='word_1_83' title='bbox 684 1643 723 1702; x_wconf 90' lang='lat' dir='ltr'><strong>de</strong></span> <span class='ocrx_word' id='word_1_84' title='bbox 746 1664 826 1704; x_wconf 86' lang='lat' dir='ltr'><strong>anno</strong></span> <span class='ocrx_word' id='word_1_85' title='bbox 841 1652 960 1704; x_wconf 86' lang='lat' dir='ltr'><strong>tantum</strong></span> <span class='ocrx_word' id='word_1_86' title='bbox 983 1665 1036 1722; x_wconf 91' lang='lat' dir='ltr'><strong>eo,</strong></span> 
     </span>
     <span class='ocr_line' id='line_1_12' title="bbox 57 1751 1037 1834; baseline 0.003 -22"><span class='ocrx_word' id='word_1_87' title='bbox 57 1753 114 1832; x_wconf 79' lang='lat' dir='ltr'><strong>qni</strong></span> <span class='ocrx_word' id='word_1_88' title='bbox 139 1754 346 1831; x_wconf 77' lang='lat' dir='ltr'><strong>magistratum</strong></span> <span class='ocrx_word' id='word_1_89' title='bbox 368 1754 524 1832; x_wconf 86' lang='lat' dir='ltr'><strong>praeeedit</strong></span> <span class='ocrx_word' id='word_1_90' title='bbox 540 1751 595 1834; x_wconf 88' lang='lat'><strong>(2).</strong></span> <span class='ocrx_word' id='word_1_91' title='bbox 636 1753 742 1812; x_wconf 84' lang='lat' dir='ltr'><strong>Utrmn</strong></span> <span class='ocrx_word' id='word_1_92' title='bbox 759 1752 871 1815; x_wconf 86' lang='lat' dir='ltr'><strong>Romae</strong></span> <span class='ocrx_word' id='word_1_93' title='bbox 888 1754 944 1815; x_wconf 91' lang='lat' dir='ltr'><strong>illo</strong></span> <span class='ocrx_word' id='word_1_94' title='bbox 963 1764 1037 1815; x_wconf 86' lang='lat' dir='ltr'><strong>tem-</strong></span> 
     </span>
     <span class='ocr_line' id='line_1_13' title="bbox 55 1862 1039 1942; baseline 0.005 -20"><span class='ocrx_word' id='word_1_95' title='bbox 55 1862 254 1942; x_wconf 70' lang='lat' dir='ltr'><strong>peruicerit,</strong></span> <span class='ocrx_word' id='word_1_96' title='bbox 274 1884 314 1924; x_wconf 92' lang='lat' dir='ltr'><strong>an</strong></span> <span class='ocrx_word' id='word_1_97' title='bbox 330 1883 403 1924; x_wconf 88' lang='lat' dir='ltr'><strong>vero</strong></span> <span class='ocrx_word' id='word_1_98' title='bbox 422 1863 456 1923; x_wconf 94' lang='lat' dir='ltr'><strong>in</strong></span> <span class='ocrx_word' id='word_1_99' title='bbox 475 1884 565 1942; x_wconf 72' lang='lat' dir='ltr'><strong>agro,</strong></span> <span class='ocrx_word' id='word_1_100' title='bbox 586 1884 649 1923; x_wconf 92' lang='lat' dir='ltr'><strong>nou</strong></span> <span class='ocrx_word' id='word_1_101' title='bbox 664 1862 777 1942; x_wconf 88' lang='lat' dir='ltr'><strong>liquet;</strong></span> <span class='ocrx_word' id='word_1_102' title='bbox 799 1873 830 1924; x_wconf 90' lang='lat' dir='ltr'><strong>et</strong></span> <span class='ocrx_word' id='word_1_103' title='bbox 854 1885 975 1942; x_wconf 90' lang='lat' dir='ltr'><strong>revera,</strong></span> <span class='ocrx_word' id='word_1_104' title='bbox 993 1867 1039 1927; x_wconf 92' lang='lat' dir='ltr'><strong>nil</strong></span> 
     </span>
     <span class='ocr_line' id='line_1_14' title="bbox 56 1972 1037 2052; baseline 0.006 -19"><span class='ocrx_word' id='word_1_105' title='bbox 56 1972 98 2033; x_wconf 91' lang='lat' dir='ltr'><strong>ad</strong></span> <span class='ocrx_word' id='word_1_106' title='bbox 123 1993 189 2032; x_wconf 89' lang='lat' dir='ltr'><strong>rem</strong></span> <span class='ocrx_word' id='word_1_107' title='bbox 205 1973 292 2051; x_wconf 84' lang='lat' dir='ltr'><strong>iacit,</strong></span> <span class='ocrx_word' id='word_1_108' title='bbox 311 1994 383 2034; x_wconf 89' lang='lat' dir='ltr'><strong>cum</strong></span> <span class='ocrx_word' id='word_1_109' title='bbox 406 1974 523 2052; x_wconf 90' lang='lat' dir='ltr'><strong>saepius</strong></span> <span class='ocrx_word' id='word_1_110' title='bbox 537 1975 609 2036; x_wconf 81' lang='lat' dir='ltr'><strong>talia</strong></span> <span class='ocrx_word' id='word_1_111' title='bbox 628 1973 745 2035; x_wconf 81' lang='lat' dir='ltr'><strong>linxisse</strong></span> <span class='ocrx_word' id='word_1_112' title='bbox 761 1983 877 2036; x_wconf 85' lang='lat' dir='ltr'><strong>veteres</strong></span> <span class='ocrx_word' id='word_1_113' title='bbox 895 1977 1037 2039; x_wconf 82' lang='lat' dir='ltr'><strong>sciamm:</strong></span> 
     </span>
     <span class='ocr_line' id='line_1_15' title="bbox 57 2084 1040 2167; baseline 0.006 -23"><span class='ocrx_word' id='word_1_114' title='bbox 57 2091 192 2144; x_wconf 78' lang='lat' dir='ltr'><strong>attamen</strong></span> <span class='ocrx_word' id='word_1_115' title='bbox 223 2084 317 2149; x_wconf 83' lang='lat' dir='ltr'><strong>Roma</strong></span> <span class='ocrx_word' id='word_1_116' title='bbox 341 2084 469 2144; x_wconf 84' lang='lat' dir='ltr'><strong>abluisse</strong></span> <span class='ocrx_word' id='word_1_117' title='bbox 494 2085 699 2161; x_wconf 80' lang='lat' dir='ltr'><strong>crediderim,</strong></span> <span class='ocrx_word' id='word_1_118' title='bbox 727 2086 761 2144; x_wconf 92' lang='lat' dir='ltr'><strong>in</strong></span> <span class='ocrx_word' id='word_1_119' title='bbox 786 2088 894 2164; x_wconf 87' lang='lat' dir='ltr'><strong>primis</strong></span> <span class='ocrx_word' id='word_1_120' title='bbox 916 2097 1040 2167; x_wconf 86' lang='lat' dir='ltr'><strong>propter</strong></span> 
     </span>
     <span class='ocr_line' id='line_1_16' title="bbox 56 2194 1040 2276; baseline 0.007 -21"><span class='ocrx_word' id='word_1_121' title='bbox 56 2194 200 2274; x_wconf 85' lang='lat' dir='ltr'><strong>epistolae</strong></span> <span class='ocrx_word' id='word_1_122' title='bbox 223 2194 333 2271; x_wconf 85' lang='lat' dir='ltr'><strong>finem,</strong></span> <span class='ocrx_word' id='word_1_123' title='bbox 358 2196 392 2255; x_wconf 93' lang='lat' dir='ltr'><strong>in</strong></span> <span class='ocrx_word' id='word_1_124' title='bbox 407 2216 470 2274; x_wconf 88' lang='lat' dir='ltr'><strong>quo</strong></span> <span class='ocrx_word' id='word_1_125' title='bbox 486 2216 625 2274; x_wconf 87' lang='lat' dir='ltr'><strong>praesens</strong></span> <span class='ocrx_word' id='word_1_126' title='bbox 638 2215 701 2255; x_wconf 89' lang='lat' dir='ltr'><strong>non</strong></span> <span class='ocrx_word' id='word_1_127' title='bbox 717 2196 895 2276; x_wconf 84' lang='lat' dir='ltr'><strong>scripsisset,</strong></span> <span class='ocrx_word' id='word_1_128' title='bbox 915 2219 946 2258; x_wconf 90' lang='lat' dir='ltr'><strong>se</strong></span> <span class='ocrx_word' id='word_1_129' title='bbox 964 2199 1040 2262; x_wconf 89' lang='lat' dir='ltr'><strong>haec</strong></span> 
     </span>
     <span class='ocr_line' id='line_1_17' title="bbox 56 2303 1039 2385; baseline 0.005 -19"><span class='ocrx_word' id='word_1_130' title='bbox 56 2304 144 2366; x_wconf 78' lang='lat' dir='ltr'><strong>fratri</strong></span> <span class='ocrx_word' id='word_1_131' title='bbox 173 2303 353 2382; x_wconf 75' lang='lat' dir='ltr'><strong>corrigenda</strong></span> <span class='ocrx_word' id='word_1_132' title='bbox 383 2304 516 2384; x_wconf 72' lang='lat' dir='ltr'><strong>tradere,</strong></span> <span class='ocrx_word' id='word_1_133' title='bbox 549 2305 603 2366; x_wconf 86' lang='lat' dir='ltr'><strong>sed</strong></span> <span class='ocrx_word' id='word_1_134' title='bbox 628 2306 691 2385; x_wconf 88' lang='lat' dir='ltr'><strong>ipse</strong></span> <span class='ocrx_word' id='word_1_135' title='bbox 717 2307 848 2367; x_wconf 79' lang='lat' dir='ltr'><strong>dixisset.</strong></span> <span class='ocrx_word' id='word_1_136' title='bbox 897 2308 1039 2372; x_wconf 75' lang='lat' dir='ltr'><strong>Attamen</strong></span> 
     </span>
     <span class='ocr_line' id='line_1_18' title="bbox 53 2415 1039 2498; baseline 0.003 -21"><span class='ocrx_word' id='word_1_137' title='bbox 53 2438 113 2498; x_wconf 86' lang='lat' dir='ltr'><strong>per</strong></span> <span class='ocrx_word' id='word_1_138' title='bbox 129 2425 226 2477; x_wconf 88' lang='lat' dir='ltr'><strong>totum</strong></span> <span class='ocrx_word' id='word_1_139' title='bbox 248 2415 426 2493; x_wconf 88' lang='lat' dir='ltr'><strong>biennium,</strong></span> <span class='ocrx_word' id='word_1_140' title='bbox 447 2415 530 2495; x_wconf 86' lang='lat' dir='ltr'><strong>quod</strong></span> <span class='ocrx_word' id='word_1_141' title='bbox 549 2437 635 2478; x_wconf 74' lang='lat' dir='ltr'><strong>uiam</strong></span> <span class='ocrx_word' id='word_1_142' title='bbox 657 2416 851 2478; x_wconf 82' lang='lat' dir='ltr'><strong>Consulatum</strong></span> <span class='ocrx_word' id='word_1_143' title='bbox 867 2420 1039 2497; x_wconf 85' lang='lat' dir='ltr'><strong>praecessit,</strong></span> 
     </span>
     <span class='ocr_line' id='line_1_19' title="bbox 56 2525 1040 2613; baseline 0.002 -24"><span class='ocrx_word' id='word_1_144' title='bbox 56 2527 170 2589; x_wconf 80' lang='lat' dir='ltr'><strong>Romae</strong></span> <span class='ocrx_word' id='word_1_145' title='bbox 195 2527 296 2606; x_wconf 77' lang='lat' dir='ltr'><strong>degit,</strong></span> <span class='ocrx_word' id='word_1_146' title='bbox 324 2535 359 2587; x_wconf 90' lang='lat' dir='ltr'><strong>ut</strong></span> <span class='ocrx_word' id='word_1_147' title='bbox 382 2527 446 2605; x_wconf 86' lang='lat' dir='ltr'><strong>ipse</strong></span> <span class='ocrx_word' id='word_1_148' title='bbox 469 2535 595 2588; x_wconf 85' lang='lat' dir='ltr'><strong>testatur</strong></span> <span class='ocrx_word' id='word_1_149' title='bbox 614 2525 672 2608; x_wconf 82' lang='lat'><strong>(3);</strong></span> <span class='ocrx_word' id='word_1_150' title='bbox 695 2537 725 2588; x_wconf 86' lang='lat' dir='ltr'><strong>et</strong></span> <span class='ocrx_word' id='word_1_151' title='bbox 747 2530 863 2590; x_wconf 88' lang='lat' dir='ltr'><strong>etiamsi</strong></span> <span class='ocrx_word' id='word_1_152' title='bbox 881 2530 961 2592; x_wconf 91' lang='lat' dir='ltr'><strong>hanc</strong></span> <span class='ocrx_word' id='word_1_153' title='bbox 978 2533 1040 2613; x_wconf 91' lang='lat' dir='ltr'><strong>epi·</strong></span> 
     </span>
     <span class='ocr_line' id='line_1_20' title="bbox 57 2636 1038 2721; baseline 0.006 -23"><span class='ocrx_word' id='word_1_154' title='bbox 57 2638 166 2698; x_wconf 79' lang='lat' dir='ltr'><strong>stolam</strong></span> <span class='ocrx_word' id='word_1_155' title='bbox 187 2638 319 2696; x_wconf 75' lang='lat' dir='ltr'><strong>scrilrens</strong></span> <span class='ocrx_word' id='word_1_156' title='bbox 335 2636 370 2695; x_wconf 91' lang='lat' dir='ltr'><strong>in</strong></span> <span class='ocrx_word' id='word_1_157' title='bbox 386 2637 562 2713; x_wconf 89' lang='lat' dir='ltr'><strong>municipiis</strong></span> <span class='ocrx_word' id='word_1_158' title='bbox 577 2656 606 2696; x_wconf 88' lang='lat' dir='ltr'><strong>v.</strong></span> <span class='ocrx_word' id='word_1_159' title='bbox 621 2656 654 2714; x_wconf 57' lang='grc' dir='ltr'><strong>ς.</strong></span> <span class='ocrx_word' id='word_1_160' title='bbox 670 2657 793 2698; x_wconf 71' lang='lat' dir='ltr'><strong>montom</strong></span> <span class='ocrx_word' id='word_1_161' title='bbox 809 2643 924 2717; x_wconf 87' lang='lat' dir='ltr'><strong>petenti</strong></span> <span class='ocrx_word' id='word_1_162' title='bbox 942 2643 1038 2721; x_wconf 87' lang='lat' dir='ltr'><strong>opitu·</strong></span> 
     </span>
     <span class='ocr_line' id='line_1_21' title="bbox 55 2745 1040 2828; baseline 0.005 -19"><span class='ocrx_word' id='word_1_163' title='bbox 55 2749 192 2824; x_wconf 79' lang='lat' dir='ltr'><strong>leretur,</strong></span> <span class='ocrx_word' id='word_1_164' title='bbox 216 2768 279 2808; x_wconf 91' lang='lat' dir='ltr'><strong>non</strong></span> <span class='ocrx_word' id='word_1_165' title='bbox 306 2746 360 2807; x_wconf 92' lang='lat' dir='ltr'><strong>diu</strong></span> <span class='ocrx_word' id='word_1_166' title='bbox 383 2755 449 2825; x_wconf 87' lang='lat' dir='ltr'><strong>post</strong></span> <span class='ocrx_word' id='word_1_167' title='bbox 467 2746 533 2806; x_wconf 89' lang='lat' dir='ltr'><strong>sine</strong></span> <span class='ocrx_word' id='word_1_168' title='bbox 550 2745 646 2807; x_wconf 89' lang='lat' dir='ltr'><strong>dubio</strong></span> <span class='ocrx_word' id='word_1_169' title='bbox 664 2746 789 2808; x_wconf 85' lang='lat' dir='ltr'><strong>Romam</strong></span> <span class='ocrx_word' id='word_1_170' title='bbox 807 2749 913 2828; x_wconf 83' lang='lat' dir='ltr'><strong>rediit,</strong></span> <span class='ocrx_word' id='word_1_171' title='bbox 934 2760 970 2812; x_wconf 92' lang='lat' dir='ltr'><strong>ut</strong></span> <span class='ocrx_word' id='word_1_172' title='bbox 990 2753 1040 2814; x_wconf 92' lang='lat' dir='ltr'><strong>de·</strong></span> 
     </span>
     <span class='ocr_line' id='line_1_22' title="bbox 56 2857 1041 2937; baseline 0.007 -18"><span class='ocrx_word' id='word_1_173' title='bbox 56 2860 222 2922; x_wconf 86' lang='lat' dir='ltr'><strong>ductorum</strong></span> <span class='ocrx_word' id='word_1_174' title='bbox 238 2857 440 2937; x_wconf 71' lang='lat' dir='ltr'><strong>frequentiam</strong></span> <span class='ocrx_word' id='word_1_175' title='bbox 454 2866 591 2937; x_wconf 76' lang='lat' dir='ltr'><strong>augeret,</strong></span> <span class='ocrx_word' id='word_1_176' title='bbox 605 2866 635 2918; x_wconf 87' lang='lat' dir='ltr'><strong>et</strong></span> <span class='ocrx_word' id='word_1_177' title='bbox 649 2858 737 2918; x_wconf 83' lang='lat' dir='ltr'><strong>fratri</strong></span> <span class='ocrx_word' id='word_1_178' title='bbox 751 2880 788 2919; x_wconf 82' lang='lat' dir='ltr'><strong>ex</strong></span> <span class='ocrx_word' id='word_1_179' title='bbox 799 2880 854 2922; x_wconf 85' lang='lat' dir='ltr'><strong>ana</strong></span> <span class='ocrx_word' id='word_1_180' title='bbox 869 2863 1041 2926; x_wconf 88' lang='lat' dir='ltr'><strong>assiduitate</strong></span> 
     </span>
     <span class='ocr_line' id='line_1_23' title="bbox 59 2967 424 3030; baseline -0.005 0"><span class='ocrx_word' id='word_1_181' title='bbox 59 2968 271 3030; x_wconf 84' lang='lat' dir='ltr'><strong>auctoritatem</strong></span> <span class='ocrx_word' id='word_1_182' title='bbox 291 2967 424 3030; x_wconf 86' lang='lat' dir='ltr'><strong>adderet.</strong></span> 
     </span>
    </p>

    <p class='ocr_par' dir='ltr' id='par_1_6' title="bbox 54 3078 1042 3715">
     <span class='ocr_line' id='line_1_24' title="bbox 98 3078 1040 3161; baseline 0.005 -22"><span class='ocrx_word' id='word_1_183' title='bbox 98 3080 137 3139; x_wconf 92' lang='lat' dir='ltr'><strong>In</strong></span> <span class='ocrx_word' id='word_1_184' title='bbox 158 3079 223 3158; x_wconf 89' lang='lat' dir='ltr'><strong>ipso</strong></span> <span class='ocrx_word' id='word_1_185' title='bbox 238 3098 360 3158; x_wconf 84' lang='lat' dir='ltr'><strong>quoque</strong></span> <span class='ocrx_word' id='word_1_186' title='bbox 378 3078 540 3139; x_wconf 84' lang='lat' dir='ltr'><strong>Consulatu</strong></span> <span class='ocrx_word' id='word_1_187' title='bbox 557 3099 620 3140; x_wconf 90' lang='lat' dir='ltr'><strong>una</strong></span> <span class='ocrx_word' id='word_1_188' title='bbox 636 3097 707 3139; x_wconf 87' lang='lat' dir='ltr'><strong>eum</strong></span> <span class='ocrx_word' id='word_1_189' title='bbox 723 3101 820 3143; x_wconf 72' lang='lat' dir='ltr'><strong>laureo</strong></span> <span class='ocrx_word' id='word_1_190' title='bbox 837 3082 866 3142; x_wconf 90' lang='lat' dir='ltr'><strong>ci</strong></span> <span class='ocrx_word' id='word_1_191' title='bbox 884 3083 989 3161; x_wconf 85' lang='lat' dir='ltr'><strong>affuit,</strong></span> <span class='ocrx_word' id='word_1_192' title='bbox 1009 3094 1040 3146; x_wconf 91' lang='lat' dir='ltr'><strong>et</strong></span> 
     </span>
     <span class='ocr_line' id='line_1_25' title="bbox 54 3189 1041 3269; baseline 0.006 -18"><span class='ocrx_word' id='word_1_193' title='bbox 54 3210 120 3252; x_wconf 91' lang='lat' dir='ltr'><strong>non</strong></span> <span class='ocrx_word' id='word_1_194' title='bbox 149 3210 258 3269; x_wconf 86' lang='lat' dir='ltr'><strong>parurn</strong></span> <span class='ocrx_word' id='word_1_195' title='bbox 283 3189 348 3268; x_wconf 89' lang='lat' dir='ltr'><strong>opis</strong></span> <span class='ocrx_word' id='word_1_196' title='bbox 379 3189 436 3267; x_wconf 89' lang='lat' dir='ltr'><strong>ipsi</strong></span> <span class='ocrx_word' id='word_1_197' title='bbox 461 3190 542 3252; x_wconf 89' lang='lat' dir='ltr'><strong>tulit.</strong></span> <span class='ocrx_word' id='word_1_198' title='bbox 592 3191 674 3252; x_wconf 86' lang='lat' dir='ltr'><strong>llanc</strong></span> <span class='ocrx_word' id='word_1_199' title='bbox 701 3212 794 3256; x_wconf 79' lang='lat' dir='ltr'><strong>cuman</strong></span> <span class='ocrx_word' id='word_1_200' title='bbox 816 3212 920 3255; x_wconf 89' lang='lat' dir='ltr'><strong>curam</strong></span> <span class='ocrx_word' id='word_1_201' title='bbox 941 3195 1041 3257; x_wconf 85' lang='lat' dir='ltr'><strong>fratris</strong></span> 
     </span>
     <span class='ocr_line' id='line_1_26' title="bbox 57 3297 1042 3380; baseline 0.007 -18"><span class='ocrx_word' id='word_1_202' title='bbox 57 3301 186 3363; x_wconf 81' lang='lat' dir='ltr'><strong>salutem</strong></span> <span class='ocrx_word' id='word_1_203' title='bbox 207 3297 403 3380; x_wconf 86' lang='lat' dir='ltr'><strong>promovendi</strong></span> <span class='ocrx_word' id='word_1_204' title='bbox 422 3307 523 3378; x_wconf 74' lang='lat' dir='ltr'><strong>gratus</strong></span> <span class='ocrx_word' id='word_1_205' title='bbox 538 3302 672 3380; x_wconf 78' lang='lat' dir='ltr'><strong>agnoscit</strong></span> <span class='ocrx_word' id='word_1_206' title='bbox 688 3322 718 3362; x_wconf 84' lang='grc' dir='ltr'><strong>ιι.</strong></span> <span class='ocrx_word' id='word_1_207' title='bbox 736 3304 905 3380; x_wconf 66' lang='grc' dir='ltr'>ιιιιῐιίΙὶιι,</span> <span class='ocrx_word' id='word_1_208' title='bbox 925 3314 989 3368; x_wconf 87' lang='lat' dir='ltr'><strong>tum</strong></span> <span class='ocrx_word' id='word_1_209' title='bbox 1008 3310 1042 3368; x_wconf 93' lang='lat' dir='ltr'><strong>in</strong></span> 
     </span>
     <span class='ocr_line' id='line_1_27' title="bbox 56 3410 1039 3497; baseline 0.007 -25"><span class='ocrx_word' id='word_1_210' title='bbox 56 3411 184 3491; x_wconf 89' lang='lat' dir='ltr'><strong>epistola</strong></span> <span class='ocrx_word' id='word_1_211' title='bbox 199 3411 267 3485; x_wconf 88' lang='lat' dir='ltr'><strong>illa,</strong></span> <span class='ocrx_word' id='word_1_212' title='bbox 285 3429 376 3488; x_wconf 59' lang='lat' dir='ltr'><strong>mam</strong></span> <span class='ocrx_word' id='word_1_213' title='bbox 393 3410 432 3469; x_wconf 87' lang='lat' dir='ltr'><strong>ad</strong></span> <span class='ocrx_word' id='word_1_214' title='bbox 449 3410 546 3488; x_wconf 90' lang='lat' dir='ltr'><strong>ipsum</strong></span> <span class='ocrx_word' id='word_1_215' title='bbox 564 3432 619 3489; x_wconf 90' lang='lat' dir='ltr'><strong>pro</strong></span> <span class='ocrx_word' id='word_1_216' title='bbox 637 3412 775 3473; x_wconf 88' lang='lat' dir='ltr'><strong>Praetcre</strong></span> <span class='ocrx_word' id='word_1_217' title='bbox 794 3415 827 3474; x_wconf 92' lang='lat' dir='ltr'><strong>in</strong></span> <span class='ocrx_word' id='word_1_218' title='bbox 840 3416 910 3477; x_wconf 75' lang='lat' dir='ltr'><strong>Asia</strong></span> <span class='ocrx_word' id='word_1_219' title='bbox 924 3417 1039 3497; x_wconf 80' lang='lat' dir='ltr'><strong>degen-</strong></span> 
     </span>
     <span class='ocr_line' id='line_1_28' title="bbox 55 3520 1041 3603; baseline 0.005 -19"><span class='ocrx_word' id='word_1_220' title='bbox 55 3532 120 3584; x_wconf 90' lang='lat' dir='ltr'><strong>tem</strong></span> <span class='ocrx_word' id='word_1_221' title='bbox 146 3521 264 3602; x_wconf 89' lang='lat' dir='ltr'><strong>scripsit</strong></span> <span class='ocrx_word' id='word_1_222' title='bbox 288 3520 327 3580; x_wconf 95' lang='lat' dir='ltr'><strong>de</strong></span> <span class='ocrx_word' id='word_1_223' title='bbox 344 3521 602 3584; x_wconf 86' lang='lat' dir='ltr'><strong>administratione</strong></span> <span class='ocrx_word' id='word_1_224' title='bbox 618 3525 806 3603; x_wconf 81' lang='lat' dir='ltr'><strong>provinciae,</strong></span> <span class='ocrx_word' id='word_1_225' title='bbox 828 3526 881 3585; x_wconf 90' lang='lat' dir='ltr'><strong>ubi</strong></span> <span class='ocrx_word' id='word_1_226' title='bbox 898 3547 926 3586; x_wconf 84' lang='lat' dir='ltr'><strong>v.</strong></span> <span class='ocrx_word' id='word_1_227' title='bbox 946 3548 972 3589; x_wconf 89' lang='lat' dir='ltr'><strong>c.</strong></span> <span class='ocrx_word' id='word_1_228' title='bbox 992 3530 1041 3589; x_wconf 91' lang='lat' dir='ltr'><strong>di-</strong></span> 
     </span>
     <span class='ocr_line' id='line_1_29' title="bbox 56 3631 1039 3715; baseline 0.007 -20"><span class='ocrx_word' id='word_1_229' title='bbox 56 3636 103 3696; x_wconf 93' lang='lat' dir='ltr'><strong>cit</strong></span> <span class='ocrx_word' id='word_1_230' title='bbox 115 3631 176 3715; x_wconf 79' lang='lat'>(4):</span> <span class='ocrx_word' id='word_1_231' title='bbox 204 3633 315 3695; x_wconf 77' lang='lat' dir='ltr'><strong>»Nunc</strong></span> <span class='ocrx_word' id='word_1_232' title='bbox 339 3654 412 3695; x_wconf 86' lang='lat' dir='ltr'><strong>vero</strong></span> <span class='ocrx_word' id='word_1_233' title='bbox 435 3634 478 3694; x_wconf 89' lang='lat' dir='ltr'><strong>sic</strong></span> <span class='ocrx_word' id='word_1_234' title='bbox 505 3656 536 3695; x_wconf 90' lang='lat' dir='ltr'><strong>se</strong></span> <span class='ocrx_word' id='word_1_235' title='bbox 555 3656 603 3696; x_wconf 93' lang='lat' dir='ltr'><strong>res</strong></span> <span class='ocrx_word' id='word_1_236' title='bbox 619 3636 710 3698; x_wconf 83' lang='lat' dir='ltr'><strong>habet</strong></span> <span class='ocrx_word' id='word_1_237' title='bbox 718 3683 727 3714; x_wconf 92' lang='lat'><strong>,</strong></span> <span class='ocrx_word' id='word_1_238' title='bbox 744 3647 780 3697; x_wconf 91' lang='lat' dir='ltr'><strong>ut</strong></span> <span class='ocrx_word' id='word_1_239' title='bbox 795 3639 853 3697; x_wconf 84' lang='lat' dir='ltr'><strong>nisi</strong></span> <span class='ocrx_word' id='word_1_240' title='bbox 870 3639 971 3700; x_wconf 92' lang='lat' dir='ltr'><strong>omnia</strong></span> <span class='ocrx_word' id='word_1_241' title='bbox 987 3648 1039 3702; x_wconf 91' lang='lat' dir='ltr'><strong>tua</strong></span> 
     </span>
    </p>
   </div>
   <div class='ocr_carea' id='block_1_5' title="bbox 289 3774 379 3784">
    <p class='ocr_par' dir='ltr' id='par_1_7' title="bbox 289 3774 379 3784">
     <span class='ocr_line' id='line_1_30' title="bbox 289 3774 379 3784; baseline 0.011 -2"><span class='ocrx_word' id='word_1_242' title='bbox 289 3774 379 3784; x_wconf 74' lang='lat'><em>...—</em></span> 
     </span>
    </p>
   </div>
   <div class='ocr_carea' id='block_1_6' title="bbox 55 3839 1039 3994">
    <p class='ocr_par' dir='ltr' id='par_1_8' title="bbox 55 3839 1039 3994">
     <span class='ocr_line' id='line_1_31' title="bbox 94 3839 1038 3910; baseline 0 -15"><span class='ocrx_word' id='word_1_243' title='bbox 94 3843 137 3910; x_wconf 80' lang='grc'><strong>(1)</strong></span> <span class='ocrx_word' id='word_1_244' title='bbox 157 3842 199 3893; x_wconf 81' lang='lat' dir='ltr'><strong>De</strong></span> <span class='ocrx_word' id='word_1_245' title='bbox 219 3843 276 3893; x_wconf 83' lang='lat' dir='ltr'><strong>Pet.</strong></span> <span class='ocrx_word' id='word_1_246' title='bbox 301 3844 376 3894; x_wconf 81' lang='lat' dir='ltr'><strong>Cana.</strong></span> <span class='ocrx_word' id='word_1_247' title='bbox 398 3841 414 3907; x_wconf 59' lang='grc' dir='ltr'><strong>β</strong></span> <span class='ocrx_word' id='word_1_248' title='bbox 437 3842 471 3906; x_wconf 87' lang='grc'><strong>1,</strong></span> <span class='ocrx_word' id='word_1_249' title='bbox 496 3840 546 3903; x_wconf 81' lang='grc'><strong>13,</strong></span> <span class='ocrx_word' id='word_1_250' title='bbox 572 3841 615 3892; x_wconf 84' lang='grc'><strong>58.</strong></span> <span class='ocrx_word' id='word_1_251' title='bbox 687 3840 729 3908; x_wconf 79' lang='lat'><strong>(2)</strong></span> <span class='ocrx_word' id='word_1_252' title='bbox 750 3839 792 3893; x_wconf 81' lang='lat' dir='ltr'><strong>cf.</strong></span> <span class='ocrx_word' id='word_1_253' title='bbox 807 3857 909 3909; x_wconf 91' lang='lat' dir='ltr'><strong>quoque</strong></span> <span class='ocrx_word' id='word_1_254' title='bbox 922 3860 951 3910; x_wconf 83' lang='lat' dir='ltr'><strong>p.</strong></span> <span class='ocrx_word' id='word_1_255' title='bbox 971 3845 1038 3895; x_wconf 83' lang='lat' dir='ltr'><strong>Cael.</strong></span> 
     </span>
     <span class='ocr_line' id='line_1_32' title="bbox 55 3925 1039 3994; baseline -0.002 -14"><span class='ocrx_word' id='word_1_256' title='bbox 55 3927 134 3980; x_wconf 61' lang='grc'><strong>110.</strong></span> <span class='ocrx_word' id='word_1_257' title='bbox 150 3925 295 3994; x_wconf 78' lang='lat' dir='ltr'><strong>»deinceps</strong></span> <span class='ocrx_word' id='word_1_258' title='bbox 308 3925 462 3988; x_wconf 67' lang='lat' dir='ltr'><strong>tuitiones,</strong></span> <span class='ocrx_word' id='word_1_259' title='bbox 477 3941 530 3991; x_wconf 90' lang='lat' dir='ltr'><strong>quo</strong></span> <span class='ocrx_word' id='word_1_260' title='bbox 543 3941 591 3992; x_wconf 78' lang='lat' dir='ltr'><strong>ego</strong></span> <span class='ocrx_word' id='word_1_261' title='bbox 605 3925 764 3975; x_wconf 87' lang='lat' dir='ltr'><strong>consulatum</strong></span> <span class='ocrx_word' id='word_1_262' title='bbox 773 3926 890 3990; x_wconf 81' lang='lat' dir='ltr'><strong>petivi‚·&#39;&#39;</strong></span> <span class='ocrx_word' id='word_1_263' title='bbox 907 3929 935 3976; x_wconf 82' lang='lat' dir='ltr'><strong>in</strong></span> <span class='ocrx_word' id='word_1_264' title='bbox 950 3928 979 3976; x_wconf 86' lang='lat' dir='ltr'><em>V</em></span> <span class='ocrx_word' id='word_1_265' title='bbox 976 3931 1039 3978; x_wconf 77' lang='lat' dir='ltr'><strong>alin.</strong></span> 
     </span>
    </p>
   </div>
   <div class='ocr_carea' id='block_1_7' title="bbox 58 4009 1040 4160">
    <p class='ocr_par' dir='ltr' id='par_1_9' title="bbox 58 4009 1040 4160">
     <span class='ocr_line' id='line_1_33' title="bbox 58 4009 1040 4078; baseline 0.003 -17"><span class='ocrx_word' id='word_1_266' title='bbox 58 4011 103 4061; x_wconf 84' lang='grc'><strong>15.</strong></span> <span class='ocrx_word' id='word_1_267' title='bbox 117 4010 161 4061; x_wconf 77' lang='grc'><strong>37.</strong></span> <span class='ocrx_word' id='word_1_268' title='bbox 181 4009 310 4060; x_wconf 77' lang='lat' dir='ltr'><strong>»biennio</strong></span> <span class='ocrx_word' id='word_1_269' title='bbox 326 4024 378 4077; x_wconf 88' lang='lat' dir='ltr'><strong>quo</strong></span> <span class='ocrx_word' id='word_1_270' title='bbox 392 4011 451 4075; x_wconf 86' lang='lat' dir='ltr'><strong>quis</strong></span> <span class='ocrx_word' id='word_1_271' title='bbox 463 4012 553 4076; x_wconf 80' lang='lat' dir='ltr'><strong>petat,</strong></span> <span class='ocrx_word' id='word_1_272' title='bbox 572 4010 729 4078; x_wconf 83' lang='lat' dir='ltr'><strong>patiturnsrc</strong></span> <span class='ocrx_word' id='word_1_273' title='bbox 746 4009 812 4060; x_wconf 86' lang='lat' dir='ltr'><strong>sit.”</strong></span> <span class='ocrx_word' id='word_1_274' title='bbox 866 4009 907 4078; x_wconf 81' lang='grc'><strong>(3)</strong></span> <span class='ocrx_word' id='word_1_275' title='bbox 928 4011 969 4062; x_wconf 85' lang='lat' dir='ltr'><strong>De</strong></span> <span class='ocrx_word' id='word_1_276' title='bbox 984 4014 1040 4064; x_wconf 79' lang='lat' dir='ltr'><strong>Pet.</strong></span> 
     </span>
     <span class='ocr_line' id='line_1_34' title="bbox 64 4092 556 4160; baseline -0.006 -16"><span class='ocrx_word' id='word_1_277' title='bbox 64 4092 80 4157; x_wconf 59' lang='grc' dir='ltr'><em>ᾗ</em></span> <span class='ocrx_word' id='word_1_278' title='bbox 97 4093 137 4144; x_wconf 80' lang='lat' dir='ltr'><strong>ts.</strong></span> <span class='ocrx_word' id='word_1_279' title='bbox 211 4094 251 4160; x_wconf 76' lang='lat' dir='ltr'><strong>(ll</strong></span> <span class='ocrx_word' id='word_1_280' title='bbox 272 4092 318 4144; x_wconf 80' lang='lat' dir='ltr'><strong>Ad</strong></span> <span class='ocrx_word' id='word_1_281' title='bbox 335 4092 556 4153; x_wconf 68' lang='lat' dir='ltr'><strong>Quintilla.</strong></span> 
     </span>
    </p>
   </div>
   <div class='ocr_carea' id='block_1_8' title="bbox 838 4150 936 4248">
    <p class='ocr_par' dir='ltr' id='par_1_10' title="bbox 838 4150 936 4248">
     <span class='ocr_line' id='line_1_35' title="bbox 838 4150 936 4248; baseline 0 -87"><span class='ocrx_word' id='word_1_282' title='bbox 838 4150 936 4248; x_wconf 45' lang='grc' dir='ltr'><strong>,Ἥ</strong></span> 
     </span>
    </p>
   </div>
   <div class='ocr_carea' id='block_1_9' title="bbox 0 0 1422 5588">
    <p class='ocr_par' dir='ltr' id='par_1_11' title="bbox 0 0 1422 5588">
     <span class='ocr_line' id='line_1_36' title="bbox 0 0 1422 5588; baseline 0 0"><span class='ocrx_word' id='word_1_283' title='bbox 0 0 1422 5588; x_wconf 95' lang='lat' dir='ltr'><strong> </strong></span> 
     </span>
    </p>
   </div>
  </div>
 </body>
</html>
