2820 5572
767 382 891 451 ,28

380 591 578 663 voluntatem,
598 605 746 666 suumque
762 587 860 669 ipsius,
871 594 986 649 metam
1001 587 1204 667 potiusquam
1219 592 1359 646 mutuam

379 698 542 759 amicitiam
564 694 715 756 nobilibus
739 716 907 777 proponere
926 697 1046 776 debuit,
1074 717 1134 777 qno
1154 696 1209 757 hos
1227 715 1270 755 ne
1289 715 1360 755 eum

380 807 564 895 offenderent
581 814 613 865 et
629 805 783 867 laederent
801 808 993 884 absterreret,
1014 828 1032 866 a
1049 807 1161 893 seipso
1177 813 1281 867 autern
1298 825 1359 865 non

378 917 583 998 magnesiam
603 916 749 989 alienaret
767 915 825 999 (1).

414 1026 519 1091 Altera
535 1027 613 1088 ratio
631 1046 725 1117 quare
742 1049 865 1114 nomam
882 1050 913 1090 se
932 1031 1122 1119 opponebant
1137 1028 1271 1105 nobiles,
1297 1037 1362 1100 erat

375 1138 468 1219 ipsius
484 1137 618 1211 studium
638 1139 802 1225 utlpopulo
824 1141 971 1232 placeret:
992 1140 1149 1217 viderant,
1174 1157 1264 1218 saepe
1289 1159 1361 1200 eum

374 1246 481 1327 populi
504 1267 625 1309 oausam
650 1248 836 1328 defendisse,
856 1262 887 1311 et
913 1270 984 1313 vera
1009 1253 1074 1313 eius
1091 1248 1252 1311 commoda
1269 1269 1363 1312 aurae

368 1356 514 1446 ,habuisse
530 1357 565 1415 in
587 1357 748 1438 concione,
771 1342 918 1423 viderant
936 1361 1101 1441 populum,
1121 1380 1158 1420 eo
1182 1359 1248 1439 ipso
1277 1360 1363 1441 qnod

372 1487 510 1531 ronanam
527 1467 702 1546 adamabat,
720 1489 845 1531 oromom
862 1471 980 1550 favere,
998 1472 1173 1532 metuebant
1190 1490 1229 1532 ne
1245 1464 1376 1532 Consul'

373 1600 468 1644 mosao
485 1579 642 1657 optimates
654 1579 852 1660 opprimeret,
869 1581 951 1661 leges
965 1583 1078 1661 populo
1093 1590 1191 1663 gratas
1203 1580 1361 1658 suaderet,

374 1699 405 1751 et
430 1690 465 1752 in
490 1710 629 1752 romnus
653 1667 877 1777 principatum,
906 1691 1069 1773 omniaque
1087 1692 1193 1772 populi
1211 1692 1365 1753 beneficia

374 1801 537 1867 conferret:
559 1801 791 1881 „adipatae”
813 1802 916 1882 inquit
939 1824 968 1868 o„
986 1801 1031 1886 (2)
1057 1823 1131 1868 reos
1154 1803 1210 1883 qni
1234 1811 1305 1862 sunt
1324 1824 1364 1864 eo

371 1913 486 1981 honore
503 1911 563 1987 usi,
582 1912 767 1978 nonvidere
784 1921 819 1973 tn
838 1934 934 1993 quum
961 1913 1044 1975 idern
1069 1914 1108 1973 sis
1132 1914 1258 1995 adeptus
1283 1914 1362 1997 quid

370 2021 526 2105 dignitatis
537 2020 697 2085 habiturus
710 2020 782 2083 aia‘’:
798 2021 873 2102 hino
891 2021 1191 2106 eiuseonsilium(3):
1213 2043 1360 2103 »persua-

372 2133 568 2214 dendumque
585 2140 630 2193 est
650 2130 703 2208 iis,
722 2151 776 2194 nos
801 2151 917 2213 semper
942 2151 1013 2193 oum
1036 2133 1232 2211 optimatibus
1261 2135 1305 2196 de
1328 2158 1361 2197 re

373 2245 495 2329 publiea
514 2242 634 2328 sensisse
640 2267 650 2319 ;
671 2242 797 2303 minime
816 2242 977 2321 populares
996 2242 1119 2305 inisse.’'

413 2340 578 2438 Praecipua
603 2358 705 2414 autem
730 2370 821 2412 eausa
845 2371 941 2434 quare
966 2373 1116 2416 messores
1143 2354 1259 2415 nobiles
1288 2358 1362 2418 ode·

372 2465 452 2541 rint,
472 2461 532 2522 fuit
554 2460 619 2524 eius
645 2436 762 2549 novitas
779 2456 839 2539 (4):
866 2460 1038 2540 »pleraque
1064 2461 1224 2525 nobilitas'’
1253 2465 1365 2544 inquit

372 2591 528 2640 sumosmus
536 2568 581 2654 (5)
595 2596 610 2630 r
616 2568 733 2633 invidia
745 2571 912 2648 aestuabat,
922 2579 953 2631 et
961 2572 1046 2650 quasi
1055 2572 1153 2651 pollui
1160 2572 1363 2643 Consulatum

374 2683 556 2760 eredebant,
575 2681 600 2740 si
618 2701 689 2743 oum
703 2662 843 2762 quanvis
855 2681 993 2762 egregins
1009 2681 1101 2743 homo
1115 2703 1209 2743 novas
1226 2683 1363 2763 adeptus

372 2795 480 2858 foret.''
507 2770 586 2856 'Imo
602 2794 636 2852 in
652 2792 718 2885 ipso
733 2791 848 2870 populo
864 2791 955 2852 multi
973 2801 1060 2855 erant
1068 2839 1077 2869 ,
1098 2793 1153 2873 qui
1169 2814 1207 2854 ex
1228 2813 1360 2859 consue-

372 2907 479 2971 tudine
496 2921 601 2964 eornm
617 2919 783 2976 annorum,
803 2920 864 2984 qua
883 2901 1047 2995 subreptim
1068 2911 1099 2963 et
1121 2903 1260 2969 insidiose
1283 2908 1362 2967 novi

405 3343 448 3414 (1)
468 3343 510 3397 Gi.
530 3341 560 3393 dc
578 3341 636 3392 Pes.
657 3338 674 3406 §
694 3341 727 3393 5:
748 3341 792 3391 »si
806 3337 871 3410 quid
882 3338 961 3398 locuti
978 3339 1141 3415 populariter*
1152 3341 1305 3412 videamur,
1328 3350 1360 3401 id

369 3447 418 3484 nos
437 3446 468 3482 eo
488 3420 597 3481 oonsilio
616 3424 726 3488 troisse,
752 3432 781 3474 ut
802 3422 884 3503 nobis
897 3421 954 3475 Gn.
970 3423 1170 3493 Pompeium
1191 3427 1359 3498 adjungere-

369 3530 445 3580 mus,
470 3518 500 3565 ut
519 3527 597 3575 enm,
608 3504 612 3510 ’
622 3509 667 3578 qni
681 3507 823 3576 plurimum
836 3517 940 3575 posset,
958 3518 1001 3558 aut
1015 3508 1126 3558 amioum
1140 3511 1170 3560 ln
1182 3522 1266 3561 nostra
1281 3516 1363 3578 peti-

368 3602 439 3653 tione
453 3597 624 3659 haberemus,
638 3601 683 3644 aut
693 3601 761 3660 oerte
775 3608 830 3643 non
842 3590 1048 3665 adversarium.”
1104 3591 1145 3661 (2)
1166 3592 1208 3661 De
1215 3594 1273 3644 Pet.
1284 3593 1358 3660 §itt

370 3685 414 3755 (8)
432 3682 501 3736 Ibid.
519 3681 582 3747 §5,
602 3679 660 3731 init.
731 3673 773 3743 (l)
793 3675 836 3728 sie
851 3676 910 3726 novi
926 3690 1001 3744 saepe
1016 3672 1148 3727 nobilibus
1163 3677 1283 3745 oppositi.
1298 3677 1358 3733 'CL

369 3769 463 3822 oret.
474 3765 523 3832 td.
536 3763 604 3816 Cio.
616 3779 645 3830 p.
658 3760 732 3813 Mur.
745 3759 770 3810 ⁷.
779 3758 821 3809 16.
836 3757 965 3825 imprimis
979 3755 1125 3825 spectabilis
1137 3755 1209 3808 loeus
1217 3775 1247 3824 p.
1257 3760 1356 3815 Plana.

367 3858 393 3909 5.
401 3852 444 3906 12.
451 3849 498 3902 nbi
512 3848 562 3902 sibi
581 3854 744 3917 opponuntur
759 3841 871 3905 nobiles,
888 3855 970 3891 novus
983 3849 1009 3890 et
1021 3839 1152 3904 ignobilis.
1189 3838 1232 3891 cf.
1246 3841 1310 3895 Wu
1319 3864 1356 3896 n.

368 3938 437 3989 der.
462 3933 557 3985 comm.
572 3947 601 3998 p.
614 3929 647 3979 ⁷4
673 3944 731 3996 sq.,
750 3934 779 3975 ut
795 3925 824 3975 de
840 3925 896 3977 Pet.
915 3922 931 3986 d
945 3922 977 3985 7,
997 3924 1022 3973 8.
1037 3921 1140 3976 nobiles
1154 3923 1263 3977 infames
1279 3932 1356 3980 noris

369 4015 558 4071 innocentibus.
630 4008 670 4076 (5)
694 4009 749 4061 cot.
765 4007 809 4060 23.
