2836 5588
547 450 588 510 65

76 677 132 736 per
146 659 206 716 vim
220 656 330 716 deiecit
339 655 392 738 (1).
422 657 458 714 lu
471 674 587 715 surmno
601 665 699 716 tamen
711 656 904 717 honestorum
918 659 1053 718 omnium

75 770 145 830 odio
171 778 262 847 atque
283 775 437 829 contemtu
460 776 633 841 manserunt
639 793 648 846 3
678 787 771 846 quare
788 788 844 847 pro
860 770 969 830 acerbo
984 790 1053 829 con·
1106 758 1109 764 ‘

75 883 150 940 vitio
167 881 269 959 aliqua
286 899 358 940 cum
375 880 504 940 divisore
519 880 706 940 necessitudo
730 879 851 940 cuidam
869 881 985 942 obiecta
1002 882 1054 942 ha·

72 992 200 1053 bebatur
216 989 270 1072 (2)
311 993 373 1052 Nec
389 991 588 1070 spernendam
602 1012 664 1051 esse
681 992 828 1071 pecuniae
841 993 1052 1070 quantitatem,

16 1085 24 1100 ⁹
71 1120 165 1180 quam
195 1104 228 1161 in
259 1103 407 1183 populum
433 1103 619 1179 dividerent,
645 1103 718 1161 hinc
743 1111 838 1181 patet,
864 1103 947 1181 quod
970 1123 999 1163 v.
1024 1123 1051 1162 e.

69 1234 137 1274 asmo
162 1214 300 1274 tributim
325 1215 359 1273 in
384 1215 517 1293 singulos
541 1215 653 1273 millies
679 1215 787 1273 assium
812 1213 928 1273 dedisse
949 1233 1050 1275 narra-
1110 1286 1114 1297 x

68 1331 120 1383 tur
128 1322 185 1408 (3),
206 1334 236 1384 et
253 1325 310 1385 tria
328 1326 452 1405 praedia
471 1327 505 1384 in
524 1325 683 1403 largitione
699 1324 878 1404 impendisse
895 1344 967 1384 eum
985 1326 1050 1404 ipse

14 1500 18 1506 ,
67 1454 162 1497 musac
188 1443 309 1496 testatus
336 1446 380 1496 est
407 1435 452 1518 (4)
458 1460 467 1513 ;
498 1437 607 1497 exsulis
630 1445 730 1498 autem
756 1438 835 1497 bona
859 1445 983 1516 propter
999 1451 1049 1498 aes

64 1545 199 1605 alienum
213 1546 335 1607 vendita
346 1546 472 1606 fuerunt
484 1545 538 1628 (5).
578 1547 682 1608 Caesar
697 1567 769 1608 vero
788 1556 822 1608 ut
839 1547 1048 1629 Pontificatum

63 1654 292 1734 adipisceretur,
309 1665 369 1718 tam
387 1657 479 1718 effuse
493 1658 619 1736 largitus
633 1666 710 1733 erat,
726 1666 761 1716 ut
772 1676 861 1718 mane
874 1657 914 1718 ad
926 1658 1048 1719 comitia

64 1766 263 1843 descendens,
293 1776 384 1847 atque
410 1768 652 1846 magnitudinem
675 1768 752 1828 aeris
775 1769 868 1829 alieni
889 1777 1046 1848 reputans,

62 1877 153 1935 matri
171 1877 318 1936 osculanti
334 1895 396 1937 non
412 1879 470 1937 nisi
488 1898 650 1938 nournsosn
667 1898 699 1936 se
713 1877 839 1938 domum
853 1897 1046 1955 reversurum

62 2006 126 2046 esse
142 1987 327 2067 praedixerit
344 1985 389 2071 (6)
395 2013 404 2067 ;
434 1988 546 2049 deinde
565 2008 638 2050 vero
655 1998 721 2068 post
737 1988 910 2051 Praeturam
927 1994 960 2052 in
976 2010 1043 2072 pro·
1076 2046 1077 2050 ,

60 2100 192 2194 vinciam
207 2099 354 2180 proficisci
368 2100 539 2177 festinaret,
559 2109 595 2160 ut
612 2100 774 2174 creditores
789 2102 952 2161 retinentes
968 2103 1042 2162 effu·

60 2219 146 2288 geret
163 2209 217 2292 (7).

99 2322 136 2379 Ut
151 2329 254 2381 autem
269 2324 364 2400 magis
377 2323 452 2400 certi
467 2329 576 2398 essent,
597 2340 637 2382 ne
653 2322 744 2382 etiam
757 2324 800 2382 ita
813 2324 891 2402 ipsos
900 2323 1042 2384 fallerent

57 2432 192 2508 conupti
201 2431 295 2508 cives,
309 2433 443 2511 primum
457 2431 619 2491 tribulibus
628 2434 701 2509 suis,
718 2441 778 2493 tam
787 2434 919 2494 inritatis
923 2454 1042 2514 ,quarn

56 2539 209 2600 beneficiis
225 2540 376 2616 adductis,
391 2542 628 2619 praeponebant,
646 2541 824 2602 decuriones
836 2564 911 2622 quos
924 2545 1041 2624 dicam,

54 2653 111 2731 qui
119 2651 267 2730 imprimis
281 2651 330 2726 iis,
348 2650 459 2728 quibus
467 2658 639 2728 praeerant,
656 2650 819 2711 tribsdibus
832 2654 1040 2733 invigilarent,
1134 2679 1137 2682 ,
1209 2719 1217 2727 „

55 2770 90 2822 ut
99 2781 181 2838 eam,
194 2781 287 2841 quam
296 2760 434 2836 decebat,
444 2762 622 2822 sententiam
632 2761 771 2841 ederent5
787 2782 866 2843 quae
875 2766 1039 2827 dccodmo
1132 2802 1136 2813 -

53 2872 211 2932 tribulium
238 2873 271 2930 in
296 2872 455 2933 Planciana
472 2870 517 2955 (8)
544 2872 671 2933 dieitur:
700 2874 725 2933 si
752 2874 835 2934 idem
856 2876 890 2934 in
911 2877 1038 2957 reliquis

52 3002 176 3062 quoque
194 2980 346 3060 tribubus,
364 2984 424 3044 late
438 2992 559 3045 extensa
572 2986 746 3064 largitione,
758 2983 863 3064 flebat,
877 2972 1038 3051 deacribm

46 3096 192 3177 populum
210 3094 639 3179 vocabant(9).1dautern,
664 3105 700 3158 ut
724 3097 814 3157 facile
838 3096 1036 3179 intelligitur,

51 3225 115 3266 non
131 3207 195 3266 sine
212 3206 245 3265 vi
261 3213 292 3266 et
309 3207 463 3267 coactione
479 3208 633 3285 agebatur.
675 3207 751 3265 ilinc
764 3207 882 3286 saepius
894 3211 948 3270 illa
965 3226 1034 3273 con·

51 3319 236 3397 iunguntur,
264 3325 298 3377 ut
325 3319 359 3377 in
385 3318 522 3379 Sextiana
539 3315 618 3400 (10):
646 3335 743 3376 >soum
759 3319 880 3378 vicatim
897 3319 1036 3385 homines

50 3427 328 3506 conscriberentur,
355 3429 599 3505 deo'uriarentur,
627 3427 666 3488 ad
682 3428 761 3504 rim,
789 3428 828 3488 ad
848 3448 969 3509 manus,
993 3435 1033 3495 ad

50 3537 176 3601 caedem
190 3541 420 3602 incitarentur.’'
460 3541 511 3601 Illi
526 3559 610 3618 vero,
631 3540 686 3620 qui
702 3548 803 3602 certae
817 3540 1032 3623 alicuipopuli

82 3769 125 3836 (1)
143 3770 212 3822 Ibid.
234 3789 262 3840 p.
283 3771 326 3822 75.
399 3770 440 3838 (2)
462 3770 499 3819 In
515 3768 592 3819 Verr.
606 3767 712 3821 ntea.
726 3768 795 3834 161,
814 3768 908 3822 Suet.
933 3771 990 3824 Oct.
1002 3773 1029 3825 3.

46 3854 89 3922 (3)
111 3853 182 3908 Aac.
199 3859 227 3906 in
241 3855 335 3905 Milan.
354 3871 381 3924 p.
396 3854 440 3906 34.
457 3851 506 3906 02.
562 3852 604 3921 (4)
624 3851 667 3905 cf.
683 3854 756 3904 Asc.
769 3871 797 3922 p.
810 3853 855 3905 61.
908 3854 952 3922 (5)
972 3853 1031 3906 llio

45 3937 138 3990 cass.
154 3939 197 3991 to.
211 3958 239 4008 p.
254 3936 314 3990 163.
329 3935 402 4006 xyl.
472 3936 515 4005 (6)
534 3935 628 3989 Suet.
645 3938 717 3988 Caes.
735 3937 777 3988 16.
844 3937 886 4004 (7)
904 3937 1029 3991 lbid.18.

45 4022 91 4092 (8)
111 4024 153 4076 18.
175 4024 226 4088 15,
252 4021 294 4075 19.
319 4021 361 4073 17.
433 4023 474 4090 (6)
494 4020 562 4073 Ibid.
584 4018 627 4071 16.
648 4021 701 4084 15,
728 4020 818 4088 ibique
842 4020 1029 4088 Wunder„

41 4108 140 4177 pass:
157 4125 209 4160 non
223 4117 291 4160 recte
303 4106 367 4158 haee
375 4105 493 4158 distinxit
505 4102 688 4166 Schultze,
706 4121 733 4172 p.
741 4103 800 4155 166.
855 4102 914 4173 (16)
933 4103 1029 4159 1634.

869 4204 888 4259 5
