2820 5572
692 425 731 484 50

227 635 345 709 volunt,
367 631 456 692 facile
474 633 629 709 possunt:’'
651 663 668 676 -
689 629 839 708 prioribus
857 639 956 690 eutem
971 630 1012 690 od
1025 631 1147 707 aliurn,
1160 635 1199 712 qui

228 746 271 805 sic
289 764 350 804 rese
363 742 469 816 habet,
486 741 603 800 locum:
620 764 638 800 ιι
647 739 686 801 ud
701 738 922 802 conficiendum
931 739 975 821 (l)
988 741 1151 804 centurias
1162 743 1199 806 lto

226 855 323 914 mines
339 851 500 913 excellenti
517 851 620 929 gratie
651 852 710 928 Qui
728 852 822 914 abste
839 853 952 913 tribum
969 861 1023 913 eut
1039 855 1200 917 centurion

225 973 277 1025 out
302 963 427 1043 aliquod
452 962 632 1023 beneficium
658 971 710 1023 aut
732 964 845 1024 habent
868 973 920 1025 aut
939 964 1057 1024 hebere
1075 977 1199 1044 sperent,

224 1097 274 1138 eos
298 1095 419 1156 prorsus
439 1094 548 1153 magno
572 1092 662 1153 opere
684 1082 716 1134 et
736 1068 876 1154 compare
890 1083 921 1134 et
936 1074 1099 1140 confirma.
1142 1078 1197 1138 lior

224 1161 279 1268 per
295 1187 350 1248 bos
365 1207 457 1248 annos
471 1186 609 1246 homines
626 1185 773 1246 ambitiosi
793 1186 987 1246 vehementer
1005 1188 1098 1248 omni
1116 1189 1200 1249 studio

223 1306 315 1376 etque
336 1317 427 1376 opera
451 1296 660 1374 elaborarunt,
686 1305 721 1356 ut
741 1307 858 1377 possent
878 1298 1084 1359 utribulibus
1102 1301 1165 1361 suis
1177 1321 1199 1360 es

225 1425 303 1485 quoe
321 1413 459 1486 peterent
475 1406 645 1485 impetrare.
686 1408 744 1468 llos
760 1417 795 1469 tu
807 1408 944 1469 homines
960 1410 1201 1490 quibuscumque

224 1517 336 1596 poteris
357 1517 541 1592 rationibus,
564 1525 599 1576 ut
621 1537 658 1577 ex
672 1519 774 1580 animo
790 1528 881 1598 atque
900 1540 937 1580 ex
956 1520 1009 1581 illu
1025 1541 1149 1584 summa
1160 1543 1201 1584 ro

163 1650 166 1655 ·
226 1629 343 1689 luntote
369 1627 417 1688 tui
441 1627 566 1687 studiosi
578 1627 639 1686 sint
645 1672 654 1704 ,
670 1628 851 1690 elaboratur
891 1629 934 1690 De
951 1633 1103 1692 sententio
1118 1633 1202 1693 huin

225 1740 286 1800 loci
310 1759 348 1800 ex
371 1739 436 1819 ipso
452 1739 506 1800 illo
522 1739 715 1818 praecedeuti
731 1740 752 1800 l.
771 1739 861 1800 debet
879 1749 1029 1820 constar03
1050 1742 1147 1802 dicit:
1172 1743 1201 1803 ol

224 1849 447 1909 conficiendum
472 1851 639 1926 centurias,
669 1850 702 1908 id
725 1859 770 1910 est
792 1851 831 1912 ad
847 1853 1068 1930 conciliandas,
1087 1874 1199 1934 compe

225 1957 332 2017 rander
354 1958 505 2017 centurias
521 1958 581 2038 (2),
608 1961 774 2020 adhibendi
800 1971 870 2023 sunt
892 1964 1028 2024 homines
1045 1965 1099 2024 illi
1114 1966 1198 2027 umbi

223 2069 308 2146 tiosi,
325 2068 433 2147 quiec
449 2068 513 2147 ipso
521 2114 531 2144 ‚
551 2068 634 2146 quod
651 2069 777 2129 honores
793 2073 972 2150 petiverint,
993 2075 1114 2137 tribum
1130 2076 1199 2156 quis

223 2201 284 2260 que
310 2200 394 2241 suem
421 2179 479 2239 sibi
504 2179 758 2253 conciliaverunt,
787 2179 820 2238 in
846 2201 899 2242 suo
925 2184 1008 2245 tribu
1035 2185 1196 2263 plurimun

223 2301 361 2371 possunt,
382 2291 543 2350 excellenti
561 2291 657 2368 gratia
674 2298 752 2351 sunt.
793 2291 877 2352 'lalcs
892 2301 992 2355 autem
1009 2298 1106 2357 multi
1124 2307 1196 2360 suut:

226 2423 295 2462 nem
320 2403 368 2461 his
394 2402 480 2461 aunis
500 2401 650 2476 involuit,
679 2409 715 2460 ut
739 2402 900 2481 inprimis
924 2424 943 2463 a
964 2406 1136 2470 tribulibus
1183 2409 1189 2422 ⁴

223 2513 352 2573 honores
377 2512 435 2572 sibi
456 2511 587 2571 conferri
603 2511 783 2572 studuerint.
823 2513 865 2572 Ex
882 2513 929 2572 his
946 2506 1010 2590 eos,
1027 2517 1083 2593 qui
1100 2519 1150 2577 eli

226 2624 341 2684 ratione
367 2623 424 2680 tibi
449 2621 584 2682 devincti
606 2630 676 2682 sunt
684 2669 693 2698 ‚
710 2632 836 2702 ⁴eccepto
856 2622 1003 2685 beneficio
1018 2624 1070 2685 rel
1086 2646 1145 2705 spe
1160 2630 1197 2692 bo

122 2787 124 2793 .
224 2735 325 2797 neficii
346 2734 532 2815 accipiendi,
553 2734 608 2793 tihi
631 2753 779 2812 compara.
819 2733 928 2813 Liquet
944 2735 1021 2810 iarn,
1041 2735 1099 2798 illa
1115 2740 1198 2802 mbr

113 2829 128 2858 ἰ
225 2849 265 2908 cd
289 2821 503 2926 conficiendum
528 2861 624 2920 usque
649 2843 688 2905 ad
714 2865 850 2924 occuparo
875 2858 903 2904 ct
929 2847 1089 2926 confirmo,
1117 2870 1197 2914 uuor

226 2977 289 3019 esse
306 2952 496 3025 sententiam,
517 2951 570 3010 sed
585 2971 662 3030 quae
679 2973 771 3031 prave
788 2953 1036 3031 interpunctione
1052 2965 1086 3017 et
1096 2953 1197 3040 insigni

226 3061 396 3141 corruptele
413 3060 560 3139 discerpta
577 3069 629 3122 est.
657 3062 820 3122 Offendunt
837 3063 870 3122 in
884 3063 945 3124 illis
958 3065 1072 3127 verbis:
1091 3073 1147 3150 qui
1158 3071 1199 3132 st

225 3187 253 3234 te
280 3173 390 3232 tribum
415 3184 466 3233 oct
488 3175 705 3232 centuriam...
728 3172 875 3233 habeant:
903 3209 920 3219 -
941 3195 1011 3235 nam
1032 3179 1117 3256 quid
1135 3179 1199 3240 beet

222 3285 280 3346 sibi
306 3285 436 3346 voluntl
468 3284 579 3346 Sermo
605 3293 663 3360 est,
690 3294 726 3344 ut
750 3306 787 3344 ex
813 3306 893 3366 seqq.
921 3297 1044 3366 apparet
1067 3289 1160 3375 (quse
1174 3300 1200 3352 et

223 3417 279 3477 per
294 3416 324 3457 v.
339 3417 423 3471 orm,
437 3404 467 3454 et
482 3396 610 3475 repetito
622 3397 753 3455 Ιιοιιιιιιοι
767 3417 838 3456 curn
851 3397 989 3476 praeced.
1006 3398 1198 3484 iunguntur),

223 3509 262 3570 de
280 3509 334 3586 iis,
354 3507 409 3586 qui
423 3527 507 3565 suom
524 3508 586 3565 eibi
603 3508 712 3567 tribum
730 3509 984 3588 comparaverint,
1003 3509 1121 3573 idest:
1141 3533 1197 3576 eeu

220 3621 254 3680 in
280 3638 342 3698 que
367 3625 527 3679 censentur
545 3614 607 3699 (3);
635 3618 740 3679 etheo
758 3618 924 3698 gratiosus
942 3619 1113 3686 utivelint.
1153 3625 1195 3688 lte

255 3822 296 3893 (1)
320 3823 509 3890 conflentum
528 3819 626 3871 hubent
646 3835 737 3873 omncs
756 3819 862 3890 logum.
884 3833 910 3874 et
928 3823 987 3876 eod.
1002 3824 1099 3896 Leid.;
1118 3829 1198 3902 prote

113 3919 114 3923 ’
220 3907 349 3960 eemlect.
364 3903 469 3957 Orcll.
539 3901 581 3971 (t)
601 3901 782 3974 Dehscsign.
795 3922 820 3957 r.
837 3908 960 3974 conficere
974 3913 1124 3979 amianas,
1142 3928 1200 3985 qm

220 3995 298 4044 etiam
309 3993 337 4042 in
352 3991 443 4041 Plano.
452 3988 547 4052 1e.t⁵,
566 3988 812 4055 ctodfam.11.ttt.
833 3992 958 4055 occurrit,
973 3992 1028 4045 rid.
1043 3994 1200 4050 Wunder.

217 4078 247 4127 in
262 4075 365 4130 Corum.
380 4075 411 4127 sd
426 4074 445 4127 l.
460 4074 481 4128 l.
494 4090 531 4124 cr.
543 4089 572 4141 p.
591 4073 682 4126 Plane.
753 4072 796 4142 (3)
816 4071 858 4129 Gt.
870 4094 900 4143 p.
917 4077 1007 4127 Plane.
1026 4079 1071 4132 15.
1086 4082 1136 4136 3⁷.
1160 4114 1166 4122 -
