2836 5588
684 438 723 499 70

215 656 245 708 ct
259 669 288 707 a.
303 667 403 708 moroso
415 666 513 706 oassso
528 643 558 703 ll
573 645 662 720 Coss,
683 645 732 706 lex
748 643 861 703 Licinia
878 644 917 702 de
931 644 1086 721 sodalitiis,
1104 646 1195 705 cuius

213 756 355 838 frequens
379 759 412 816 in
438 755 595 816 Planciana
621 756 735 815 mentio
760 754 793 813 fit
816 753 874 837 (1),
903 774 997 834 quam
1019 763 1124 815 secuta
1149 765 1195 816 est

214 867 294 926 Iulia
310 887 436 942 rusosrr,
455 867 546 925 etiam
563 865 602 926 de
618 866 651 925 vi
666 867 699 924 in
712 866 828 925 ambitu
836 862 890 947 (2)
919 864 1076 925 Annatum
1089 874 1193 926 autem

212 976 410 1056 praesidium,
435 977 570 1056 quamvis
596 976 629 1035 iu
655 977 731 1036 urbe
747 976 844 1052 nefas,
865 996 958 1055 prope
976 997 1041 1037 eam
1058 977 1197 1037 moribus

211 1096 317 1148 contra
333 1088 502 1147 libertatem
520 1087 688 1162 videretur,
709 1106 727 1146 a
743 1107 838 1148 rrsoss
855 1096 968 1162 tamen,
988 1095 1023 1146 ut
1040 1107 1072 1146 se
1089 1095 1198 1148 contra

211 1198 378 1259 divisorum
404 1200 467 1259 vim
491 1198 667 1258 defenderet
685 1196 742 1279 (3),
767 1199 805 1257 ab
828 1220 960 1275 sarorio,
986 1207 1020 1258 ut
1045 1199 1197 1277 populum

212 1311 380 1368 contineret
394 1307 452 1390 (4),
480 1310 518 1369 ab
544 1328 697 1370 omsvrsao
721 1308 856 1386 tandem,
881 1318 916 1368 ut
938 1308 1196 1387 Remp.'oecupa-

213 1427 259 1476 ret
280 1414 338 1498 (5),
365 1416 426 1476 fuit
451 1416 631 1479 adhibitum.
673 1419 738 1493 Quo
764 1419 839 1479 haec
866 1421 966 1480 omnia
985 1421 1116 1496 ruerint,
1142 1420 1196 1508 bie

213 1528 315 1588 dicere
329 1548 391 1588 non
403 1529 526 1605 attinet,
547 1539 577 1589 et
594 1537 639 1588 est
651 1530 850 1590 notissimum:
865 1540 1008 1609 recteque
1021 1552 1196 1591 rsormcnos

88 1718 90 1725 J
149 1687 151 1690 ,
211 1638 328 1699 dictum
345 1638 472 1698 alicuius
485 1637 589 1698 laudat
601 1636 657 1721 (6);
679 1635 727 1698 ὅτι
740 1641 858 1720 πρῶτος
871 1635 1014 1702 κατέλυσε
1028 1640 1082 1705 τόν
1096 1637 1195 1720 δῆμον

210 1750 228 1810 ό
247 1750 365 1828 πρῶτος
383 1749 521 1818 ἑστιάσας
538 1746 590 1810 nol
611 1744 747 1820 δεκάσας.

252 1863 343 1941 Leges
352 1909 361 1939 ,
384 1863 530 1941 siquando
545 1861 673 1923 ambitus
689 1863 911 1942 postularentur
928 1865 1067 1944 quidam,
1083 1865 1117 1926 in
1135 1865 1197 1925 sin-

211 1972 289 2050 gulis
315 1973 374 2031 reis
397 1972 541 2032 eventum
566 1972 631 2032 fere
656 1995 718 2034 non
743 1975 935 2052 habuerrmt,
965 1975 1118 2036 iudicibus
1147 1977 1198 2038 vel

109 2121 110 2127 κ
210 2083 358 2161 corruptis
373 2083 422 2142 vel
435 2090 520 2142 metu
535 2082 631 2162 plebis
646 2104 707 2144 non
716 2085 994 2146 condemnantibus.
1014 2086 1199 2166 Turpissima
1217 2084 1219 2092 ’

211 2201 326 2253 exstant
354 2193 574 2272 profusissimae
602 2195 767 2273 largitionis
790 2197 926 2275 exempla
943 2194 1005 2278 (7),
1027 2217 1065 2257 ex
1083 2187 1198 2277 quibus

210 2323 308 2363 unum
333 2303 392 2363 hoc
419 2303 458 2362 de
478 2325 607 2366 susroaro
625 2326 760 2384 promam
770 2353 779 2383 ,
799 2316 939 2368 narrante
956 2305 1016 2389 (8):
1038 2307 1197 2369 Caesarem

211 2413 400 2473 Pontificatus
412 2415 535 2473 maxirni
549 2414 623 2473 duos
636 2417 1105 2494 competitores,potentissimos,
1119 2419 1196 2479 mul·

209 2533 336 2603 tumque
354 2532 385 2583 et
401 2532 496 2583 aetate
515 2532 546 2583 et
562 2523 708 2602 dignitato
726 2525 947 2600 antecedentes,
967 2527 1009 2586 ita
1026 2548 1195 2607 superasse,

209 2645 245 2696 ut
266 2637 354 2714 plura
371 2636 435 2714 ipse
452 2636 485 2693 in
502 2655 608 2698 eorum
627 2635 764 2694 tribubus
782 2634 936 2714 suffragia,
954 2656 1045 2715 quam
1064 2647 1198 2719 uterque

209 2746 243 2806 in
263 2747 402 2806 omnibus
424 2746 538 2806 tulerit.
562 2745 710 2806 -Tandem
732 2745 813 2805 nihil
835 2747 963 2807 restabat
984 2749 1196 2827 optimatibus,

208 2857 263 2937 qui
284 2857 367 2917 hunc
392 2857 443 2917 vel
467 2857 556 2916 illum
585 2855 743 2918 Consulem
768 2858 865 2917 creari
887 2859 1046 2938 prohibere
1063 2858 1199 2939 vellent,

207 2987 300 3046 quam
326 2976 362 3026 ut
385 2967 441 3044 ipsi
464 2968 654 3045 competitori
671 2966 792 3028 cuidam
809 2970 970 3044 pecuniam
988 2970 1196 3034 subministra-

208 3085 276 3136 rent
279 3100 288 3152 ;
306 3075 388 3153 quod
403 3076 436 3133 in
448 3096 552 3136 soemo
565 3075 677 3135 sactum
691 3097 767 3152 esse,
783 3075 864 3136 idem
877 3078 969 3137 tradit
982 3101 1126 3142 sumemus
1136 3081 1197 3165 (9),

206 3187 259 3246 cui
274 3194 409 3247 auctores
425 3186 549 3246 suerunt
566 3186 754 3247 tantumdem
772 3208 806 3247 ac
824 3210 948 3249 onomius
967 3199 996 3249 et
1014 3213 1116 3251 cassan
1132 3214 1197 3253 una

206 3297 385 3377 pollicendi3
413 3298 488 3358 adeo
510 3305 543 3356 ut
561 3297 700 3377 plerique
720 3301 863 3377 pecunias
880 3282 1083 3378 contulerint,
1104 3312 1136 3363 et
1155 3325 1195 3364 ne

206 3432 275 3471 caro
292 3410 416 3490 quidem
437 3409 576 3469 abnuerit
597 3429 662 3468 eam
679 3409 869 3488 largitionem
888 3431 905 3468 e
924 3409 996 3489 Rep.
1015 3411 1093 3473 fieri.

214 3622 561 3638 -ιὲ-ῌ---ᾱ-

240 3752 283 3819 (1)
303 3753 986 3826 Dequacl.Wundcr,adPlanc.p.sxxv11.prael.
1040 3756 1083 3826 (2)
1101 3758 1195 3814 Paul.

207 3835 320 3887 Sentent.
337 3837 370 3888 V.
385 3837 428 3888 80.
465 3836 508 3890 cf.
524 3837 543 3890 1.
558 3855 605 3888 un.
619 3837 651 3889 D.
668 3839 702 3888 ad
722 3839 739 3890 l.
756 3839 813 3890 Jul.
828 3839 858 3889 de
873 3841 982 3892 ambitu.
1054 3840 1097 3908 (3)
1120 3842 1194 3896 Aac.

204 3922 231 3969 in
247 3920 440 3990 Gor·nel.p.75.
494 3921 536 3988 (d)
556 3920 624 3972 Cic.
642 3923 988 3990 Philipp.1.10.25‚15.36.
1044 3924 1086 3992 (5)
1107 3924 1194 3995 App.

204 4002 271 4051 Bell.
288 4006 337 4053 cio.
352 4003 397 4055 lv.
411 4003 438 4054 7.
510 4004 551 4071 (6)
572 4003 659 4057 Plut.
678 4006 773 4057 Coriol.
788 4024 815 4074 p.
830 4006 889 4058 220.
962 4007 1003 4076 (7)
1025 4007 1046 4058 A
1053 4026 1106 4078 pp.
1121 4011 1195 4062 Bell.

206 4086 372 4138 civ.11.19.'
429 4086 470 4154 (8)
493 4088 564 4140 Gaea.
576 4089 619 4140 13.
693 4091 734 4157 (9)
755 4090 879 4145 lbid.19.
