2836 5588
682 445 722 504 66

213 649 291 728 parti
306 649 347 706 ita
364 667 380 706 a
395 644 555 706 candidato
567 647 652 725 quasi
666 646 940 724 praeponebantur,
957 668 1093 727 quosque
1107 653 1200 713 modo

212 761 389 820 decuriones
415 757 533 832 vocavi,
560 757 594 816 hi
612 766 698 818 erant
714 758 826 818 sodates
843 756 902 840 (l),
921 779 957 819 ea
974 761 1037 820 scil.
1054 763 1198 823 vocabuli

211 871 293 948 turpi
307 868 536 948 significatione,
554 888 646 946 quam
664 870 693 929 ei
711 870 818 930 tribuit
834 892 864 930 u.
882 869 936 952 (2)
961 871 1037 932 ilinc
1055 872 1199 935 sodalicia

211 980 292 1040 diota
306 981 329 1038 ii
342 987 522 1055 conventus,
541 998 577 1038 ea
590 981 744 1040 consensio
753 979 812 1063 (3),
833 1001 894 1060 qua
905 983 973 1060 quis
986 983 1199 1064 cuiuscunque

214 1092 310 1151 tribus
324 1091 473 1166 homines,
486 1111 548 1150 non
563 1098 624 1150 tam
633 1091 786 1168 gratiosos,
801 1112 893 1171 quam
908 1093 1032 1171 quidem
1047 1095 1198 1157 terribiles

195 1271 199 1276 ,
214 1203 272 1264 sibi
288 1202 480 1282 adiungeret,
495 1202 549 1281 qui
563 1209 675 1262 ceteros
688 1211 843 1280 cogerent,
860 1211 894 1264 ut
907 1205 1089 1283 propositam
1097 1205 1139 1266 de
1148 1227 1197 1286 pe·

215 1316 305 1374 cunia
319 1315 489 1393 pactionem
503 1313 687 1392 acciperent,
703 1321 733 1372 et
741 1313 881 1392 suffragia
889 1314 1067 1378 venderent.
1097 1319 1198 1392 Quum

214 1431 315 1484 autem
332 1423 399 1482 talis
417 1424 462 1481 ris
483 1424 574 1482 etiam
591 1432 711 1502 praeter
726 1425 873 1485 ambitum
890 1425 997 1485 eadem
1015 1427 1130 1488 rab’one
1148 1449 1196 1488 or-

214 1534 386 1609 dinaretur,
402 1541 433 1592 et
447 1531 656 1608 adhiberetur,
673 1534 884 1595 sodaliciorum
899 1538 1016 1598 crimen
1028 1539 1067 1598 ab
1079 1539 1197 1599 ambitu

216 1645 390 1705 distinctum
408 1652 465 1722 est;
491 1644 563 1703 hinc
580 1664 647 1704 runo
665 1644 703 1702 ab
720 1666 834 1706 sscomo
853 1653 882 1705 et
901 1648 1030 1708 arabitur
1036 1695 1045 1726 ,
1066 1658 1098 1710 et
1114 1649 1198 1711 soda-

216 1757 372 1830 liciorum,
387 1755 472 1815 etde
487 1755 517 1813 vi
526 1752 577 1836 (ob
592 1775 711 1815 morsm
719 1752 851 1835 caesum)
859 1757 1022 1836 postulatus
1028 1758 1122 1819 luisse
1130 1781 1199 1822 nar·

215 1876 300 1929 ratur
316 1864 370 1949 (4).
412 1866 470 1926 Sed
494 1875 617 1946 propter
644 1867 848 1945 largitionem,
875 1877 906 1929 ct
932 1871 1108 1949 petitionem
1125 1891 1198 1933 cum

216 1998 253 2037 ea
269 1978 474 2052 coniunctam,
502 1995 558 2034 nco
582 1977 740 2054 separatim
763 1979 802 2038 ab
824 1979 940 2040 ambitu
957 1980 996 2041 de
1015 2001 1051 2042 eo
1067 1982 1197 2042 crimine

216 2090 249 2147 in
276 2088 420 2167 petitione
446 2085 572 2146 admisso
597 2087 755 2165 agebatur,
785 2109 842 2150 nec
868 2091 901 2149 in
927 2091 1057 2153 ambitus
1082 2093 1196 2155 iudicio

216 2200 282 2259 eius
308 2198 426 2280 (utpote
451 2197 582 2256 distincti
604 2216 622 2256 a
644 2197 792 2275 pecuniae
817 2198 989 2282 largitione)
1014 2204 1093 2265 ratio
1110 2196 1195 2266 habe·

216 2310 319 2388 batnr;
349 2308 424 2368 adeo
442 2315 476 2367 ut
493 2306 548 2366 diu
568 2306 633 2366 fere
656 2307 806 2387 impunita
819 2308 934 2371 fuerint
953 2312 1022 2373 talia
1039 2313 1193 2393 sodalicia;

216 2421 313 2479 donec
329 2418 452 2478 tandem
469 2416 633 2476 distinctim
651 2415 690 2476 de
707 2418 743 2476 iis
760 2417 810 2478 lex
824 2418 938 2481 Licinia
952 2423 1013 2482 lata
1028 2423 1067 2484 sit
1084 2444 1113 2485 a.
1131 2425 1197 2487 693.

216 2529 407 2590 Coniunctim
431 2535 533 2590 autem
556 2526 631 2587 haee
655 2527 756 2588 omnia
778 2529 811 2587 in
831 2529 946 2590 ambitu
967 2552 1071 2612 operae
1089 2557 1198 2617 coppo·

216 2654 288 2702 atres
294 2688 303 2717 ,
324 2642 357 2700 in
374 2641 420 2716 vi,
442 2639 613 2714 conductae,
633 2641 796 2699 concitatae
815 2638 912 2700 dictae
928 2640 1081 2726 fuerunt(
1101 2644 1125 2726 ).

256 2753 294 2811 Ut
311 2759 413 2811 autem
433 2749 609 2829 competitor
635 2756 749 2808 ceteros
772 2749 882 2810 melius
907 2752 1051 2830 vinceret,
1082 2756 1199 2818 solebat

217 2883 289 2924 curu
306 2883 368 2922 uno
386 2880 505 2934 eorum,
526 2878 618 2938 quem
635 2860 766 2920 maxime
783 2862 885 2921 valere
904 2863 1029 2939 sciebat,
1049 2863 1132 2925 inire
1148 2887 1196 2946 pa-

139 3036 142 3041 ,
218 2977 362 3046 ctionem,
380 2990 441 3049 qua
455 2970 565 3047 tribus,
583 2991 657 3049 quas
671 2972 799 3050 quisque
814 2972 872 3030 sibi
886 2993 1068 3055 quacunque
1083 2979 1198 3038 ratione

217 3091 387 3165 paraverat,
406 3082 485 3142 inter
503 3103 533 3142 se
551 3082 769 3160 coniungerent
787 3083 843 3158 ita,
862 3085 944 3142 utin
962 3105 1025 3164 qua
1043 3107 1122 3148 unus
1136 3097 1199 3150 erat

217 3196 374 3276 gratiosus,
395 3195 482 3254 alteri
500 3213 622 3274 quoque
640 3193 869 3274 suffragaretur,
887 3195 921 3254 in
935 3216 997 3275 qua
1011 3199 1100 3276 alter,
1116 3200 1200 3260 illius

218 3310 309 3370 etiam
327 3327 438 3367 nomen
456 3307 576 3368 tabulae
591 3304 724 3366 adderet.
740 3341 757 3350 -
770 3306 801 3366 Si
810 3325 887 3367 ¹vero
900 3307 958 3366 hao
970 3309 1103 3386 ratione,
1116 3330 1199 3370 suam

218 3430 336 3482 tantum
348 3420 476 3494 tribum,
490 3419 597 3498 inqua
609 3418 801 3495 censebatur,
818 3417 867 3478 vel
882 3419 916 3477 in
930 3438 992 3499 qua
1004 3420 1140 3482 multum
1153 3443 1199 3483 va·

216 3533 312 3607 lebat,
330 3530 469 3608 precibus
487 3536 516 3586 et
534 3528 630 3606 gratia
643 3535 845 3590 commoveret
859 3529 1048 3608 candidatus,
1064 3535 1199 3595 utetiam

214 3645 288 3706 huic
314 3641 364 3701 vel
388 3641 435 3700 illi
457 3661 494 3700 ex
515 3640 760 3719 competitoribus
776 3639 952 3720 suffragium
970 3662 1059 3702 suum
1075 3646 1200 3707 tribules

250 3851 291 3919 (1)
313 3852 359 3901 Pr.
383 3849 475 3921 Plane.
497 3847 540 3899 19.
561 3845 604 3897 47.
631 3846 838 3898 »sodaliciorum
858 3849 988 3901 tribuario
1011 3852 1203 3906 erimberto.

213 3933 322 3989 crimine
330 3929 843 4004 eormptcrumpersodslicistribuum.’'
897 3932 938 4002 (2)
955 3933 1050 3987 tate.
1094 3937 1140 4006 (3)
1158 3941 1203 3990 Pr.

215 4023 305 4071 Plane.
326 4019 371 4069 tr.
392 4017 436 4069 37.
487 4014 548 4082 ,(4)
569 4012 609 4066 td
626 4015 721 4067 Milon.
744 4033 770 4084 p.
791 4015 833 4066 40.
907 4018 949 4086 (Β)
968 4018 1060 4072 Suet.
1083 4021 1143 4075 Ort.
1167 4025 1201 4088 3,

215 4101 284 4154 Cic.
296 4120 325 4169 p.
344 4101 415 4152 Sext.
430 4100 464 4151 17
480 4108 504 4149 et
518 4098 561 4149 30.
