2836 5588
419 439 566 504 ,lt

59 620 201 726 temporis
224 649 320 725 spatio
345 646 496 728 (quamvis
510 645 608 710 ,illius
629 645 715 705 nulla
740 647 867 724 supersit
891 642 1032 727 epistola)

57 756 169 816 Romae
194 778 257 817 non
285 757 376 816 luisse
401 778 535 833 amens,
560 777 655 837 quum
683 765 783 816 tamon
807 777 835 818 a.
859 757 920 820 687
940 780 1032 824 eurum

57 868 182 928 eomitia
203 868 310 927 habita
332 867 457 929 fuerint:
480 869 515 927 in
538 868 634 946 priori
651 868 733 927 enirn
749 868 873 945 epistola
889 869 965 928 dieit
984 892 1031 928 m:

56 979 164 1058 »quod
186 978 226 1038 ad
251 999 301 1038 me
326 979 365 1038 de
386 980 585 1041 Hermathena
602 981 723 1056 scribis,
743 1000 797 1058 per
818 981 895 1040 mihi
913 991 1032 1059 gratum

56 1097 119 1165 est,
139 1097 171 1148 et
186 1098 398 1152 ornamentum
414 1091 595 1152 Academiae
612 1090 769 1170 proprium
785 1094 889 1150 meae''
906 1100 979 1167 eet,
999 1091 1033 1150 in

54 1200 227 1279 posteriori:
258 1201 482 1265 »Hermathena
499 1209 553 1261 tua
570 1200 658 1260 valde
673 1219 723 1257 me
744 1198 875 1258 d'eleetat
890 1205 921 1257 et
938 1200 1033 1277 posita

52 1309 99 1368 ita
121 1310 200 1370 belle
226 1318 283 1387 est,
304 1319 339 1370 ut
362 1318 460 1370 totum
477 1309 666 1391 gymnasium
691 1301 781 1386 ἡλίου
800 1304 947 1387 ἀνάθημα
971 1330 1032 1370 esse

54 1419 239 1481 videatur.’'-
267 1421 352 1480 Unde
375 1421 526 1480 ooniioere
549 1420 634 1496 lieet,
660 1419 892 1480 Hermathenam
917 1421 1033 1479 miritae

28 1555 30 1559 ¹
52 1551 187 1606 siurone,
206 1531 305 1608 ipsum
325 1530 453 1593 Athenis
474 1531 626 1608 mansisse,
647 1530 730 1590 unde
755 1551 817 1591 non
839 1530 898 1590 nisi
922 1551 948 1590 a.
972 1529 1031 1592 688

54 1641 196 1716 redierit,
216 1650 251 1700 ut
266 1661 351 1700 maer
367 1641 496 1700 comitiis
505 1641 715 1702 -eonsnlaribus
732 1640 855 1702 adesset.
876 1641 1033 1702 Praeterea

53 1771 119 1810 non
134 1751 210 1810 adeo
225 1770 297 1810 eum
314 1770 413 1814 anmro
430 1771 541 1811 amoos
569 1753 748 1812 ooniunetue
764 1751 839 1827 fuit,
859 1759 895 1811 ut
910 1759 1033 1830 propter

51 1861 122 1922 eus
138 1861 414 1938 commeantia
430 1869 550 1922 tantum
566 1862 625 1922 aer
639 1863 752 1922 faeere
766 1859 823 1944 (ι).
1092 1845 1093 1848 ‘

79 2023 82 2029 .
96 1970 164 2030 Alia
181 1991 284 2031 rursus
300 1972 435 2051 quaestio
452 1980 508 2048 est,
526 1981 630 2032 utrum
645 1973 770 2051 adeptus
784 1973 822 2031 sit
840 1970 1035 2033 aedilitatem

53 2101 170 2147 nomios
176 2127 186 2158 ,
199 2101 239 2142 an
252 2102 325 2143 vero
339 2083 490 2161 repulsam
508 2083 631 2144 tulerit?
645 2104 708 2163 qna
722 2084 763 2142 de
774 2104 808 2143 re
822 2085 963 2143 dubitant
975 2085 1035 2143 viri

51 2193 157 2269 doeti,
178 2193 333 2272 proniores
348 2202 451 2254 tamen
476 2196 616 2273 plerique
644 2202 680 2254 ut
702 2195 829 2273 gessisse
844 2195 981 2273 credant,
1003 2203 1035 2256 et

53 2305 152 2366 multa
159 2313 332 2382 sunt,‚quae
339 2313 375 2365 ut
384 2325 453 2364 enm
461 2303 499 2363 iis
510 2304 810 2380 taeiam‚.a‹tdu0ant;
832 2306 899 2366 Non
907 2304 1033 2384 quidem

50 2415 178 2475 Romam
199 2416 283 2475 venit
295 2435 420 2493 armeus,
443 2423 474 2474 a
495 2416 530 2476 in
551 2419 680 2480 omarum
694 2417 805 2476 multas
821 2417 965 2477 videntur
986 2417 1031 2478 in·

49 2525 145 2586 inrias
157 2526 314 2604 protulisse
332 2525 480 2586 ambitiosi
493 2535 524 2585 et
535 2547 686 2586 memorum
703 2527 828 2604 aemuli,
838 2535 880 2588 'ut
894 2550 1033 2590 remmon

50 2637 205 2714 huiusque
223 2636 367 2694 studiosos
387 2637 426 2694 ab
445 2655 483 2694 eo
500 2636 613 2695 alienos
632 2634 795 2694 redderent
806 2635 862 2717 (2):
884 2636 1030 2716 attamen,

91 2821 133 2890 (1)
153 2820 196 2872 cf.
214 2821 295 2890 Nep.
318 2823 365 2872 eit.
378 2821 440 2890 ,Ata
454 2819 481 2872 5.
496 2819 530 2883 3,
549 2820 592 2872 15.
606 2819 642 2885 3,
660 2819 703 2871 16.
717 2818 744 2870 2.
816 2819 858 2888 (2)
877 2819 929 2873 lloe
943 2822 1034 2872 nititur

49 2901 224 2973 explieatione
245 2904 381 2955 verborum
401 2902 572 2970 quorumdam
591 2901 621 2952 in
635 2898 688 2970 Ep.
704 2900 739 2953 ud
755 2904 844 2966 Quint.
858 2905 879 2956 l.
893 2904 919 2956 3.
934 2902 969 2968 8,
988 2903 1034 2956 ubi

47 2989 121 3047 eicit,
133 2986 182 3039 1.:
209 2997 311 3056 sputo,
336 3003 383 3056 per
402 2986 628 3055 Pomponium
648 2985 789 3038 fovendum
809 2985 857 3037 tibi
875 2989 1032 3056 eeseyipsum

48 3072 288 3136 Hortensium,
315 3088 349 3123 ne
370 3071 416 3122 ille
435 3083 540 3136 versus,
566 3072 613 3140 qui
634 3072 663 3121 in
684 3080 709 3121 te
728 3078 782 3121 erat
801 3069 927 3154 mustus,
949 3089 1031 3140 quum

49 3153 216 3207 hedilitatem
244 3155 369 3225 petebas,
394 3155 427 3206 de
448 3154 507 3223 lege
531 3154 653 3218 Aurelia,
680 3153 743 3204 lalso
761 3154 910 3205 testimonio
931 3153 1032 3207 confir-

46 3237 166 3288 metur.’'
189 3237 283 3288 «Hrn.
311 3237 422 3307 explieat
448 3238 481 3289 de
511 3253 604 3300 versu,
625 3254 682 3305 quo
707 3235 872 3304 Quintum
898 3248 1031 3306 petentem

47 3322 94 3373 elii
110 3322 233 3374 iniuriose
247 3324 398 3385 effecerint,
418 3331 493 3390 etque
506 3322 616 3372 ambitus
631 3321 804 3387 suspioionem
818 3321 847 3370 in
860 3332 1030 3375 eum'more·

45 3407 115 3471 rint3
140 3417 164 3456 et
184 3406 269 3474 legem
290 3406 422 3459 Aureliam
440 3406 555 3474 aliquam
572 3404 604 3454 de
622 3403 721 3454 ambitu
735 3400 831 3470 lingit,
851 3421 929 3471 quam
943 3408 1029 3457 statim

45 3487 157 3542 Orell.
172 3491 201 3540 in
214 3489 302 3559 legum
316 3491 432 3542 indicem
444 3491 549 3559 reoepit.
576 3490 610 3540 At
623 3489 729 3539 omuino
742 3487 833 3550 aliter,
852 3498 878 3538 et
891 3487 1028 3541 verborum

46 3572 131 3627 indoli
148 3575 233 3642 magis
246 3576 434 3640 consentanee,
452 3573 522 3625 hune
536 3572 555 3624 l.
571 3571 682 3642 explieat
695 3569 844 3622 Billerb.
860 3568 1027 3640 rapam,

45 3657 177 3726 exemplis
197 3659 308 3728 probans
328 3659 405 3711 rerba
426 3673 517 3709 versus
531 3659 577 3724 qui
591 3659 619 3706 in
632 3659 656 3707 te
670 3658 728 3706 erat
740 3655 850 3705 collatus
863 3652 1030 3722 significare,

46 3741 125 3792 euius
145 3747 276 3792 auctorem
303 3749 327 3795 te
347 3744 454 3803 trabem
477 3743 525 3793 tibi
538 3747 672 3807 tamquam
686 3741 788 3790 auctori
801 3739 924 3792 tribubus.
966 3741 1036 3795 soit*
1056 3728 1058 3740 ¹

47 3834 103 3877 erat
116 3825 326 3892 versuslortasse,
340 3845 391 3896 quo
405 3825 575 3879 invehebatur
586 3826 615 3875 in
628 3823 848 3892 Pompeium,
861 3818 964 3890 quolex
971 3824 1031 3874 hu-

46 3899 114 3960 relia
142 3909 275 3962 iudiciaria
297 3911 503 3981 improbabatur,
528 3919 589 3973 oet,
615 3907 660 3975 qui
681 3904 723 3957 rei
742 3905 795 3955 iam
816 3923 839 3954 a.
860 3905 928 3971 683,
951 3906 1029 3975 paulo

45 4002 107 4062 post
124 3992 203 4044 latam
223 3993 242 4046 l.
264 3992 413 4069 Aureliam,¹
438 3995 481 4047 rel
500 3992 550 4045 hoo
569 3991 676 4042 demum
689 4005 757 4040 anno
770 3987 914 4057 prodierat;
931 3992 1029 4059 quique
1121 4062 1124 4070 Ι

29 4091 121 4146 κωηο
141 4075 285 4144 Quinto,
311 4080 385 4130 euius
406 4088 494 4130 notum
515 4086 567 4128 erat
588 4074 700 4144 po'e'tiees
723 4071 853 4138 studium,
879 4082 905 4124 et
926 4073 1029 4128 fortasse

881 4171 900 4230 2
