2820 5572
883 398 901 456 6

686 601 727 659 20.
742 601 956 679 deductorum,
975 603 995 683 §
1010 605 1057 663 36.

687 711 729 770 30.
745 722 954 774 assentatorum
970 716 1103 795 (arctiori
1120 715 1236 794 sensu),
1255 715 1277 798 §
1295 719 1347 780 73.

528 821 571 902 (ot
583 823 614 881 in
627 842 717 884 nanno
724 824 877 902 singulare
884 823 990 906 genus)
998 828 1040 887 40.
1050 827 1250 889 defensorum.
1262 829 1283 910 ᾗ
1293 829 1345 889 38.

447 933 485 989 At
508 932 675 992 cavendum
700 942 743 992 ost
759 954 777 994 a
794 934 902 995 frande
918 946 948 998 et
965 937 1080 998 insidiis
1093 959 1197 1000 eorum
1215 941 1273 1019 qni
1294 943 1376 1003 amici

446 1062 506 1103 non
523 1051 606 1118 sunt,
626 1043 677 1105 sed
694 1063 756 1104 esse
775 1045 929 1124 videntum
947 1047 969 1129 §
986 1048 1035 1111 39.

486 1153 593 1214 horum
609 1156 667 1216 tria
683 1175 794 1235 genera
810 1165 891 1216 sunt:

686 1266 727 1325 10.
742 1267 829 1342 laesi,

683 1375 726 1436 20.
741 1378 796 1455 qui
812 1377 877 1438 sine
894 1398 982 1438 eausa
998 1400 1059 1439 non
1076 1390 1192 1456 amant,

683 1486 725 1546 3⁰.
739 1490 969 1567 competitorum
987 1491 1075 1552 valde
1091 1493 1188 1552 amioi.
1207 1493 1228 1573 5
1246 1494 1296 1554 40.

445 1594 482 1654 ad
505 1607 558 1655 1ιο.
576 1594 678 1657 Altera
694 1597 870 1677 diligentiae
886 1619 954 1679 pars
970 1610 1104 1662 versatur
1122 1604 1154 1662 in
1171 1605 1318 1684 populari
1334 1625 1375 1666 m-

444 1707 535 1767 tione:
553 1705 574 1788 ᾗ
590 1708 637 1768 41.

569 1839 603 1878 ea
620 1820 768 1882 desiderat
784 1821 825 1882 10.
837 1823 1122 1900 nomenclationem,

781 1931 1064 2014 2·.'blanditiam,§
1082 1933 1129 1995 42.

721 2020 723 2025 ’
780 2041 822 2100 ao.
837 2040 1054 2118 manitatem,
1068 2043 1090 2122 t
1108 2045 1156 2103 43.

779 2151 821 2210 40.
833 2151 1066 2230 benignitatem,
1172 2194 1175 2200 Δ

830 2281 910 2338 qnae
924 2272 969 2321 est
987 2262 1028 2322 10.
1041 2261 1075 2321 in
1092 2282 1126 2322 re
1143 2263 1307 2344 familiari,

981 2372 1024 2432 2⁰.
1038 2372 1072 2430 in
1087 2374 1248 2453 conviviis,

981 2481 1024 2543 30.
1037 2484 1071 2543 in
1085 2502 1187 2562 opera:
1206 2487 1228 2567 5
1246 2489 1296 2549 44.

559 2590 633 2650 haee
647 2587 763 2670 (opera)
776 2591 800 2646 si
815 2589 881 2648 dari
893 2600 1001 2669 potest,
1016 2593 1107 2653 hilari
1116 2596 1313 2660 vultudanda
1320 2610 1372 2677 est,

698 2701 722 2758 si
739 2719 801 2773 non
818 2708 927 2778 potest,

828 2819 879 2870 aut
894 2812 1031 2874 ineundo
1046 2816 1183 2894 neganda
1198 2825 1253 2895 em,
1271 2820 1322 2902 (1)
1341 2891 1345 2900 Ι

828 2931 879 2982 aut
896 2933 984 2983 eante
997 2925 1206 3004 promittenda.
1221 2928 1243 3010 ᾗ
1256 2930 1364 2997 45-49.

777 3034 819 3092 50.
833 3053 1000 3112 rumorem,
1017 3034 1039 3118 ς
1055 3036 1160 3098 50-52.

778 3143 821 3203 60.
833 3164 915 3223 spem
930 3146 964 3205 in
980 3145 1054 3227 liep.
1068 3146 1090 3228 5
1106 3147 1154 3208 53.

398 3255 467 3316 Pars
479 3253 533 3314 111.
562 3253 604 3314 De
619 3253 686 3313 loeo
701 3273 763 3334 quo
778 3254 905 3334 petitur,
925 3257 979 3335 qni
996 3265 1041 3316 est
1056 3255 1164 3317 lioma:
1178 3256 1199 3338 §
1216 3260 1327 3324 54-57.

434 3540 475 3610 (1)
495 3539 538 3592 Sie
554 3537 639 3589 locum
653 3534 839 3587 restituendum
852 3547 940 3589 censet
953 3535 1074 3591 Orell.:
1094 3545 1142 3591 nat
1155 3542 1264 3592 iucunde
1278 3560 1370 3612 nega,

397 3629 445 3677 out
458 3627 531 3674 caute
542 3622 688 3693 promittat.
712 3616 834 3670 lendum
847 3619 952 3672 alterius
960 3621 1074 3672 'membri
1090 3634 1128 3676 est
1140 3625 1169 3675 in
1180 3626 1308 3681 omnibus
1322 3631 1371 3684 fest

396 3707 544 3772 oodieibus3
560 3706 639 3757 etiam
659 3705 688 3755 in
706 3702 842 3756 oollatione
856 3703 1096 3774 immunitione,
1114 3717 1222 3778 exotpto
1235 3725 1291 3762 uno
1306 3712 1371 3767 libro

299 3774 306 3779 ’
397 3808 475 3860 quem
489 3792 530 3840 nt.
544 3788 578 3841 to
595 3787 708 3851 notavit,
727 3787 772 3855 qui
789 3783 867 3838 habet
879 3792 909 3838 nt
922 3787 952 3838 id
964 3792 1013 3840 aut
1025 3790 1134 3843 tenende
1144 3792 1308 3858 promittas,
1329 3801 1372 3848 ast

396 3878 505 3941 ingente
519 3889 605 3938 neget,
624 3889 657 3923 ex
669 3871 813 3923 coniectura
821 3869 918 3924 seilicet
931 3869 1109 3938 Lambini,
1127 3873 1200 3924 onius
1206 3872 1289 3927 editio
1296 3880 1372 3947 prin·

396 3978 457 4030 eeps
475 3979 499 4012 a.
520 3958 597 4012 1566.
609 3955 658 4008 hoe
672 3971 779 4006 numero
792 3954 827 4007 50
841 3952 982 4022 significari
997 3955 1106 4008 videtur.
1143 3957 1175 4007 At
1188 3954 1235 4008 hae
1249 3959 1283 4011 de
1301 3980 1331 4014 re
1346 3966 1371 4015 in

396 4045 461 4097 Part.
475 4044 500 4097 11
512 4043 590 4094 huius
603 4039 772 4092 adnotationis
786 4038 903 4107 pluribus
915 4055 1029 4108 agemus.
