2820 5572
759 420 795 479 ld

290 644 478 707 summopere
493 623 655 687 laudantur
669 623 727 705 (1),
747 626 894 703 imprimis
904 626 1073 689 bmuanitss
1084 628 1144 710 (2),
1158 629 1267 700 indul-

170 733 174 740 ’
288 741 391 821 gentis
407 737 464 822 (3),
483 735 584 796 fratris
604 736 791 799 observantia
808 736 865 819 (4),
890 738 979 800 ardor
994 740 1048 821 (5).
1088 742 1212 816 Quirine
1233 752 1268 803 nt

288 853 412 913 irenem
436 869 509 931 prae
533 847 673 909 omnibus
698 850 830 925 amabat,
857 849 900 909 sic
926 850 1041 930 ubique
1061 850 1127 913 lere
1144 853 1269 914 iuvenis

287 972 379 1044 aque
404 960 574 1022 adolescens
598 979 669 1021 eum
694 968 739 1020 est
757 961 927 1041 comitatum
953 970 984 1023 et
1004 981 1076 1023 cum
1095 982 1123 1023 a.
1141 983 1176 1025 ιι.
1195 962 1272 1028 674..

287 1074 420 1135 Athenas
448 1073 503 1133 ille
536 1071 790 1152 proficiscebatur,
825 1093 887 1134 una
919 1093 991 1136 cum
1015 1075 1079 1153 ipso
1108 1095 1270 1137 marcenae

286 1185 413 1247 audivit.
456 1185 495 1244 In
510 1183 645 1245 Siciliam
662 1202 782 1262 quoque
796 1203 892 1263 quum
908 1205 1012 1247 mnne
1029 1185 1175 1261 Quaestor
1191 1186 1270 1263 ivit,

285 1315 357 1358 cum
378 1314 417 1357 eo
435 1294 588 1374 profectus
609 1313 671 1354 eae
690 1293 825 1372 videtm,
845 1315 872 1355 a.
893 1316 925 1357 ιι.
943 1294 1017 1372 678,
1036 1303 1124 1358 natus
1139 1296 1209 1358 fere
1227 1298 1270 1359 26

286 1427 392 1486 annos3
422 1424 494 1467 nam
522 1405 557 1465 in
586 1403 720 1464 Verrinis
736 1404 782 1486 (6)
812 1405 925 1467 dicitur
948 1406 1103 1468 llalcsinae
1132 1406 1273 1469 civitatis

284 1527 402 1580 senatus
418 1536 523 1578 ιιιιιι
539 1514 676 1578 Halesino
692 1515 815 1594 publice
828 1517 958 1594 dedisse,
971 1526 1008 1580 ut
1019 1539 1111 1582 meo
1122 1527 1153 1579 et
1165 1540 1272 1585 conseo

283 1629 393 1711 gratias
411 1635 523 1706 ageret.
1088 1641 1091 1647 ·

327 1741 393 1802 Iam
407 1736 576 1813 videamus,
591 1754 741 1816 quaenam
752 1735 833 1797 inter
847 1737 935 1799 ambe
947 1736 1055 1799 fratres
1068 1738 1147 1799 ratio
1164 1740 1267 1803 inter-

286 1852 408 1914 cesserit
420 1868 457 1910 co
468 1857 604 1925 tempore
618 1867 680 1927 quo
691 1869 722 1908 ιι.
735 1848 857 1927 patebat
870 1848 1075 1912 Consulatum:
1089 1863 1199 1912 uerum
1210 1852 1270 1912 illa

285 1983 332 2024 res
344 1961 437 2042 paulo
448 1957 539 2020 altius
550 1956 715 2035 repetenda
726 1966 779 2021 ert,
804 1959 919 2020 Auctor
928 1957 1028 2021 luerat
1035 1981 1138 2021 meas
1146 1983 1270 2040 amaro,

284 2081 320 2135 ut
343 2088 472 2133 uxorem
494 2068 621 2128 duceret
643 2085 817 2142 ιωιιοιιιιιι,
837 2087 928 2128 amas
946 2088 1077 2130 sorerem
1094 2069 1153 2152 (7);
1172 2073 1269 2135 illae-

284 2203 345 2266 que
370 2181 496 2263 nuptiae
521 2177 689 2240 celebratae
711 2184 796 2254 sunt,
816 2175 944 2256 degente
964 2178 1065 2243 adhuc
1082 2181 1117 2241 in
1134 2183 1268 2247 Graecia

283 2315 397 2369 amco,
416 2312 500 2365 a.u.,
512 2286 772 2362 anatemati:
792 2287 877 2366 prior
884 2288 990 2349 saltem
998 2274 1123 2369 epistola
1128 2337 1138 2368 ,
1157 2293 1275 2376 inqua·

284 2406 324 2466 de
349 2400 494 2464 conlectis
516 2398 632 2477 nuptiis
655 2416 752 2456 sermo
775 2405 833 2474 est,
859 2406 889 2458 et
912 2398 1003 2460 amal
1024 2400 1065 2462 de
1083 2404 1194 2465 axonis
1210 2407 1267 2468 in-

285 2525 337 2576 ter
350 2514 492 2592 coniuges
514 2509 657 2594 dissidiis,
684 2507 723 2569 ad
748 2528 866 2570 tamnen
888 2511 1002 2590 scripta
1024 2521 1069 2574 est
1093 2536 1120 2576 a.
1140 2538 1169 2578 a.
1187 2517 1265 2581 685.

284 2627 425 2688 Postrema
443 2622 482 2683 de
499 2622 538 2682 iis
553 2621 592 2682 ad
608 2640 726 2681 ιιιισιιι
744 2619 915 2699 sanuserat,
934 2621 987 2683 bic
1005 2623 1185 2702 adraanus,
1206 2631 1268 2707 qui

283 2747 350 2799 tum
369 2737 473 2797 literas
488 2731 527 2795 ad
542 2752 663 2798 enimus
678 2730 761 2789 misit
780 2731 941 2811 »qrribus’'
963 2733 1005 2794 ait
1020 2732 1065 2816 (8)
1084 2743 1139 2794 »et
1155 2736 1267 2814 placa-

283 2869 349 2911 rem
365 2856 401 2910 ut
417 2847 555 2918 fratrem,
574 2851 606 2902 et
620 2860 776 2903 monerem
789 2849 826 2901 ut
841 2842 1003 2920 minorem,
1023 2852 1055 2905 et
1068 2844 1266 2925 obiurgarem

283 2951 319 3021 u'a
340 2957 521 3020 enanamss’
561 2953 681 3027 Qamos
703 2951 793 3015 bsai
813 2971 928 3014 naam
951 2954 1054 3030 garis,
1075 2963 1106 3015 et
1130 2958 1165 3015 in
1186 2978 1266 3037 agro

284 3040 355 3130 eum
373 3085 467 3127 uxore
484 3065 608 3143 degens,
628 3062 745 3142 saepius
768 3062 807 3125 ad
826 3083 857 3122 r.
878 3061 1008 3140 scripsit,
1027 3063 1111 3124 unde
1135 3065 1187 3125 bic
1215 3070 1263 3132 ito

284 3200 360 3255 ease,
388 3186 424 3238 ut
450 3183 614 3256 oporteret,
642 3173 818 3234 confidebat.
858 3170 952 3234 Paulo
976 3182 1042 3252 post
1066 3175 1178 3237 Romae
1203 3199 1263 3241 ex-

285 3289 474 3373 spectabatur
487 3286 637 3368 qnotidie,
649 3284 728 3346 forte
743 3293 778 3344 ut
792 3282 915 3344 initium
923 3284 1035 3346 faceret
1044 3286 1194 3348 honorum
1203 3310 1263 3370 pe-

284 3400 411 3464 titionis:
432 3417 505 3459 nam
522 3397 584 3458 33¹¹·
602 3396 706 3456 aetatis
727 3414 842 3455 annum
858 3394 920 3456 iam
940 3406 1109 3476 peregerat:
1130 3399 1183 3458 sed
1201 3403 1263 3462 ah'-

286 3521 434 3598 quantum
442 3516 556 3591 postea,
569 3526 640 3568 cnm
648 3506 784 3567 uxorein
792 3505 985 3587 Arpinatibus
993 3509 1123 3588 praediis
1131 3520 1196 3571 erat
1204 3513 1262 3595 (9),

286 3764 288 3768 ’
319 3747 360 3816 (1)
381 3747 436 3812 Ep.
450 3743 485 3794 ad
501 3743 559 3793 Aa.
577 3739 599 3791 Ι.
613 3739 656 3792 17.
670 3739 705 3803 2,
722 3738 808 3803 18.1,
826 3737 859 3790 Π.
875 3738 903 3803 1,
922 3739 957 3790 ud
973 3741 1064 3802 Quint.
1078 3741 1100 3794 1.
1115 3744 1264 3813 apuam.

284 3832 327 3902 (2)
347 3831 380 3882 P.
396 3829 483 3879 Flore.
497 3826 541 3877 32.
554 3825 597 3876 78.
668 3820 711 3891 (3)
730 3822 775 3872 Aa
788 3824 846 3874 Ate.
861 3820 893 3874 Χ.
908 3823 933 3875 6.
948 3824 974 3875 2.
1045 3822 1086 3893 (4)
1106 3827 1152 3877 Ad
1168 3830 1264 3891 Quint·

284 3918 317 3970 ll.
332 3917 377 3969 10.
390 3915 418 3979 1,
434 3912 470 3963 ed
481 3906 593 3962 Atthl
605 3908 630 3960 6.
646 3907 672 3957 l.
745 3905 786 3974 (5)
806 3908 894 3957 Caes.
910 3905 929 3956 1.
942 3904 960 3955 1.
1032 3906 1073 3974 (6)
1093 3907 1138 3959 111.
1146 3911 1263 3967 73.170,

286 4000 327 4068 (7)
347 3997 478 4066 Nepos,
493 3997 539 4046 eit.
556 3993 613 4044 Aa.
628 3993 654 4044 5.
668 3991 700 4054 3,
717 3989 806 4057 ibique
818 3988 945 4042 Sabota.
1017 3986 1058 4057 (8)
1079 3993 1124 4044 Ad
1135 3998 1194 4046 Ass.
1205 3997 1265 4052 l.5.

285 4083 326 4151 (a)
345 4081 411 4132 ibid.
427 4079 447 4130 1.
466 4078 491 4130 6.
