2836 5588
526 435 562 497 61

61 644 177 719 addita,
190 678 207 688 -
221 651 269 717 ut,
285 640 430 701 nundinis
438 647 468 698 et
476 639 684 700 conciliabulis
692 639 804 700 obitisa
814 643 897 702 novis
906 646 1035 706 maximo

59 755 249 830 hominibus,
276 754 331 832 qui
351 752 546 830 patriciorum
567 753 715 812 bonorum
732 753 891 832 participes
906 756 971 816 lieri
988 777 1035 818 co·

59 866 222 943 nabantur3
250 872 280 923 et
302 873 406 924 contra
422 883 496 942 quos
514 883 539 923 a.
559 884 590 922 u.
608 863 668 923 397
683 862 751 940 lege
767 861 896 925 Poetelia
913 876 1036 928 cautum

61 985 108 1036 est
123 973 183 1057 (l);
202 1009 220 1019 -
238 984 271 1035 ut
292 975 436 1035 adhibitis
451 975 722 1035 nomenclatoribus
734 982 764 1032 et
778 973 949 1056 sartoribus,
965 981 1038 1059 qni,

60 1105 159 1164 quum
184 1085 217 1144 in
240 1093 323 1145 tanto
343 1085 456 1166 populo
483 1085 565 1144 etin
586 1085 676 1145 tantis
697 1085 777 1144 vitae
797 1089 1040 1165 occupationibus

61 1196 299 1275 uniuscuiusque
319 1197 442 1257 nomina
458 1205 562 1257 tenere
580 1193 703 1253 difficile
721 1204 808 1272 emet,
827 1195 903 1257 haec
920 1200 1043 1261 auribus

60 1307 307 1384 candidatorum,
332 1309 410 1368 clam
434 1310 519 1368 velut
539 1305 730 1365 infercirent:
748 1307 841 1384 'atque
858 1307 931 1368 binc
947 1311 1041 1370 moni·
1096 1357 1100 1367 .

62 1427 140 1478 tores
155 1439 278 1497 quoque
293 1418 435 1496 appellati
454 1424 523 1475 sunt
540 1414 584 1497 (2)
588 1440 597 1492 ;
619 1415 739 1476 tandem
753 1417 893 1477 mercede
908 1423 1042 1500 corrupti

59 1537 131 1588 sunt
148 1527 291 1607 quidam,
311 1529 365 1606 qui
386 1527 504 1586 obviam
524 1526 603 1585 irent
616 1525 793 1602 candidatis,
814 1528 927 1607 aliique
943 1532 1042 1609 pretio

60 1640 136 1697 emti
148 1647 315 1712 sectatores,
333 1638 388 1716 qui
401 1636 576 1696 deductioni
587 1656 729 1715 pompam
742 1636 896 1698 adderent.
918 1640 1043 1701 Eosdem

59 1756 163 1808 autem
186 1768 242 1827 per
269 1748 378 1808 amicos
402 1748 545 1824 inritare,
575 1766 697 1825 rogare,
723 1747 863 1826 incitare,
889 1751 964 1812 vitio
981 1773 1043 1814 non

62 1857 231 1918 ducebatur
249 1856 302 1938 (3)
676 1861 678 1865 ’

103 1967 161 2027 Sed
187 1968 329 2045 temporis
354 1968 453 2046 lapsu,
482 1969 615 2029 moribus
642 1970 736 2048 magis
761 1970 852 2031 etiam
880 1977 1042 2054 corruptis,

60 2077 152 2157 plebe
169 2079 345 2157 spectaculis
361 2087 392 2138 et
408 2079 494 2139 donis
508 2088 707 2155 anuescente,
727 2101 790 2139 non
800 2082 864 2140 sine
880 2084 1043 2161 pecuniae,

59 2189 250 2269 aliorumque
267 2189 482 2249 beneficiorum
499 2189 694 2264 liberalitate,
714 2190 891 2267 popularem
908 2193 1043 2257 volunta·

60 2307 123 2358 tem
148 2300 206 2359 sibi
232 2298 387 2360 devincire
412 2297 565 2359 candidati
591 2298 721 2377 aggressi
744 2301 822 2361 sunt.
868 2300 1043 2366 Praesertim

60 2417 126 2489 post
142 2409 224 2469 bella
239 2408 366 2486 Punica,
387 2417 417 2468 et
433 2409 567 2488 primum
583 2410 938 2491 acquisitasprovincias,
954 2416 1040 2478 adeo-

60 2540 122 2599 que
149 2520 265 2580 saecuti
291 2519 357 2578 VIIi
384 2521 486 2594 initio,
516 2521 676 2578 surrexisse
701 2521 823 2581 videtur
838 2524 892 2585 illa
913 2528 1041 2588 ambitus

60 2631 197 2708 largitio,
223 2648 301 2707 quae
323 2648 425 2686 enimn
451 2627 512 2686 iam
535 2633 668 2703 tempore
687 2628 752 2686 sine
777 2629 841 2689 ulla
860 2634 1043 2698 verecundia

62 2741 258 2802 exercebatur
270 2736 324 2819 (4).
343 2735 506 2820 ¹Denique,
517 2735 643 2795 ultimis
655 2736 741 2816 Reip.
762 2742 961 2820 temporibus,
982 2766 1043 2808 non

61 2851 199 2925 sineri,
226 2856 257 2909 et
280 2848 400 2909 armatis
416 2867 502 2927 saepe
520 2847 708 2923 hominibus,
730 2847 782 2908 illa
800 2850 940 2931 suffragia
956 2874 1040 2934 cogo-

15 2958 18 2963 '
60 2961 184 3021 bantur.
225 2958 268 3019 Ile
283 2958 408 3036 singulis
424 2957 485 3018 iam
504 2959 671 3020 accuratius
687 2959 852 3024 rideamus.

103 3181 248 3260 Largitio,
270 3188 305 3239 ut
321 3179 467 3255 diximus,
487 3180 600 3261 duplex
617 3191 693 3241 erat:
715 3191 845 3262 utraque
861 3191 973 3265 species
987 3211 1043 3272 pro

60 3302 146 3376 parte
155 3290 659 3374 aliquaiaminhonestamquoque
667 3290 861 3353 ambitionem
869 3295 1040 3377 irrepserat:

62 3426 136 3467 nam
162 3407 226 3484 ipse
252 3425 284 3467 o.
312 3403 435 3462 fratrem
466 3401 570 3461 incitat
598 3401 637 3463 ad
663 3421 729 3462 eam
755 3402 972 3484 benignitatem
996 3415 1042 3473 rei

37 3483 43 3497 ι
62 3516 237 3590 familiaris,
264 3523 293 3574 et
313 3513 535 3588 conviviorum,
552 3516 674 3592 „quae”
691 3514 791 3594 inquit
806 3517 878 3578 »fac
896 3527 927 3579 et
944 3520 995 3580 abs
1011 3531 1042 3583 te

61 3636 96 3688 et
123 3627 161 3688 ab
187 3625 290 3687 amicis
311 3623 371 3684 tuis
387 3622 635 3686 concelebrentur
652 3632 683 3684 et
701 3627 808 3704 passim
825 3635 857 3687 et
873 3629 1041 3694 tributim.”

101 3915 142 3985 (1)
162 3912 219 3964 Liv.
234 3911 292 3964 vn.
305 3911 348 3963 15.
403 3907 445 3979 (2)
464 3907 531 3962 Cic.
544 3926 573 3976 p.
588 3909 662 3960 Mur.
677 3909 721 3962 36.
734 3909 786 3974 77,
806 3911 893 3988 Plin.
905 3914 1041 3988 Panegyr.

62 4000 118 4063 23,
132 3997 224 4050 Paul.
239 3996 330 4048 Dirc.
345 4005 456 4064 excerpt.
472 4011 504 4046 ex
520 3992 605 4045 Fest.
620 3993 668 4045 bd.
683 3993 702 4047 l.
718 3995 789 4047 Τ.Π.
798 4014 824 4066 p.
834 3999 877 4052 66.
931 3999 973 4072 (3)
992 4005 1042 4056 Pr,

63 4084 139 4136 Mur.
157 4082 200 4134 32.
216 4082 259 4134 67.
330 4078 371 4147 (l)
392 4077 479 4130 Plut.
495 4081 524 4130 ic
541 4079 617 4147 Syllo
635 4096 662 4148 p.
676 4080 736 4133 45⁷.
750 4079 821 4150 ayt.
