2820 5572
209 644 285 701 elim
292 688 300 717 ,
318 651 352 701 ut
366 642 461 718 magis
475 641 568 700 etiam
579 640 786 719 splenderent,
801 647 914 701 cretam
928 640 1077 700 addebant
1082 665 1090 719 ;
1106 641 1188 720 quod

210 753 311 829 ipsum
329 752 443 830 prima,
469 753 508 811 de
526 771 587 830 qua
601 759 733 825 oonstat,
760 750 887 811 ambitus
903 750 971 829 lege
988 752 1115 811 vetitum
1132 759 1189 812 est:

207 862 265 922 sed
279 883 351 924 mvn
367 869 463 922 aetate
481 863 531 922 vix
549 841 627 927 serio
643 861 676 919 id
693 861 741 939 agi
758 861 903 939 potuisse,
921 861 984 940 ipse
997 860 1189 943 testatur(1);

210 972 297 1031 uude
324 980 425 1032 tamen
453 972 599 1032 dictiones
624 972 772 1051 quaedam
798 971 832 1030 iu
855 991 911 1055 usu
938 981 1128 1050 manserunt3
1157 980 1192 1030 ut

210 1085 336 1144 ambitio
360 1096 469 1144 cretata
495 1083 578 1162 apud
599 1105 714 1144 renerum
731 1080 785 1166 (2).
827 1083 894 1160 Ipse
918 1104 1013 1144 munao
1031 1083 1192 1144 obsoletam

210 1196 292 1254 hanc
310 1194 440 1255 ambitus
460 1195 560 1274 legem
585 1203 718 1274 spectare
746 1192 868 1252 ridetur
893 1195 926 1252 in
941 1191 1192 1282 *Planciana.(3),

191 1327 386 1384 *mrmnsnu
410 1306 577 1385 alloquens:
608 1304 815 1364 »admonuisti
833 1305 939 1378 etiam,
958 1304 1041 1383 quod
1058 1304 1194 1363 increta

211 1414 332 1491 fuisses,
348 1415 464 1475 dictum
478 1415 603 1494 aliquod
617 1415 652 1473 in
662 1413 839 1492 petitionem
856 1421 940 1473 tuam
957 1413 1018 1473 dici
1030 1414 1192 1493 potuisse:’'

211 1526 300 1604 quasi
317 1525 445 1585 diceret:
461 1525 591 1585 ambitus
607 1525 805 1603 suspicionem
821 1524 956 1584 iucunde
973 1544 1095 1585 movere
1112 1525 1146 1584 in
1163 1533 1194 1585 te

211 1637 391 1713 potuissem,
411 1637 436 1695 si
454 1644 541 1696 tuum
554 1637 588 1702 in
602 1637 719 1696 Cretam
732 1636 790 1696 iter
798 1637 1069 1696 memoravissem.”
1085 1671 1104 1681 -
1119 1636 1194 1695 llinc

212 1746 407 1806 Grammatici
430 1754 531 1824 togam
542 1819 543 1822 Ἴ
556 1744 718 1807 candidam
741 1765 803 1805 nou
821 1745 886 1804 sine
902 1755 984 1806 creta
1001 1746 1146 1823 cogitent,
1160 1754 1195 1805 ut

210 1877 334 1917 rsrnosus
343 1854 402 1938 (4):
427 1881 441 1914 »
450 1865 519 1934 toga
532 1855 661 1916 candida
674 1855 842 1935 eademque
855 1864 982 1932 metata,
1001 1857 1034 1917 in
1051 1875 1112 1935 qua
1125 1876 1193 1917 can·

209 1968 308 2029 didati
325 1968 346 2027 i.
363 1989 389 2027 e.
407 1969 613 2046 magistratum
632 1974 767 2045 petentes
783 1967 952 2042 ambibunt,
978 1966 1082 2028 addita
1097 1975 1193 2044 creta,

210 2099 274 2157 quo
290 2078 447 2139 candidior
464 2079 669 2157 insigniorque
684 2081 789 2138 esset.’'
818 2077 854 2160 Εἰ
871 2077 993 2137 indocte
1008 2076 1106 2137 Schol.
1124 2078 1194 2137 Am·

209 2191 368 2251 brosianus
384 2187 444 2272 (5),
470 2188 553 2268 quod
568 2188 629 2248 de·
644 2197 714 2266 toga
737 2195 852 2247 constat
869 2186 909 2246 ad
926 2188 1021 2264 ipsam
1046 2188 1196 2248 cervicem

210 2301 365 2377 transfert,
379 2300 523 2361 diceudo:
537 2307 589 2359 iret
601 2299 736 2361 solebant
751 2317 855 2358 omnes
867 2297 1020 2379 candidati
1032 2297 1101 2359 alba
1112 2307 1196 2359 oreta

210 2412 336 2471 obliniri
354 2412 519 2486 cervicem,
540 2418 576 2470 ut
592 2409 705 2489 populo
723 2409 915 2470 notabiliores
932 2412 1059 2470 essent.'’
1117 2445 1120 2448 ·

252 2522 423 2600 Antequam
438 2540 511 2581 vero
523 2518 677 2580 candidati
692 2538 804 2578 nomeu
814 2539 903 2578 snum
917 2503 1131 2598 profiterentur
1136 2517 1194 2602 (6),

211 2641 244 2691 et
262 2631 356 2709 ipsam
373 2630 566 2708 petitionem,
593 2646 762 2705 paucorum
788 2629 938 2686 mensium
964 2629 1121 2706 negotium
1134 2629 1195 2711 (7),

209 2742 465 2822 aggrederentur,
489 2739 550 2799 iam
568 2757 682 2797 annmu
700 2737 882 2816 plerumque
899 2747 969 2798 ante
986 2740 1108 2800 comitia
1125 2761 1194 2801 con-

210 2854 324 2914 sularia
349 2849 410 2934 (8),
439 2849 593 2910 interdum
624 2848 772 2909 maturius
797 2849 889 2908 etiam
914 2846 974 2930 (9),
997 2853 1196 2930 premebam,-

209 2964 296 3044 quod
310 2964 344 3022 in
352 2960 581 3043 >prehendeudis
593 2960 797 3038 singulorum,
812 2959 921 3021 vilium
933 2960 1027 3021 etiam
1039 2962 1194 3023 interdum

210 3076 387 3150 hominum,
407 3073 546 3134 manibus
562 3072 731 3148 constabat,
746 3079 901 3150 tamquam
913 3070 1193 3156 familiariumssdl

244 3335 287 3403 (1)
307 3334 378 3386 Ην.
399 3332 445 3385 Π.
467 3331 512 3384 25.
545 3331 656 3381 »ddum
683 3332 712 3380 in
738 3331 918 3381 vestimentum
940 3327 1062 3382 adderent
1071 3331 1115 3390 ,·''1
1129 3333 1198 3387 male

210 3418 389 3472 Gruchius
410 3417 522 3468 »album
536 3411 766 3466 investimentum''
782 3412 859 3482 legit3
875 3418 922 3464 dec
936 3412 1074 3466 verborum
1089 3427 1199 3469 senten-

210 3505 275 3554 tiam
290 3501 368 3570 cepit.
436 3499 479 3568 (2)
499 3498 531 3550 V.
545 3498 606 3549 177.
676 3497 717 3566 (3)
737 3498 781 3548 34.
796 3499 839 3549 85.
902 3495 942 3564 (t)
967 3497 1197 3562 Orig.1a.2t.6.

213 3586 257 3653 (5)
278 3583 319 3635 Ad
339 3581 449 3649 Ciep.
466 3581 557 3631 Plane.
573 3580 592 3631 l.
605 3598 666 3632 mox
679 3579 698 3631 l.
761 3578 802 3648 (6)
822 3578 910 3631 Vell.
926 3580 1198 3635 praesalutat.

211 3668 364 3718 Brissou.
378 3665 409 3715 de
418 3665 532 3732 jormal.
546 3663 581 3714 11.
595 3662 639 3714 12.
653 3681 680 3732 p.
695 3662 755 3714 125.
817 3663 859 3731 (7)
879 3665 921 3714 De
935 3666 989 3716 Pet.
1000 3665 1050 3730 §L
1104 3664 1144 3734 (8)
1157 3666 1199 3719 *Ut

210 3750 334 3804 Cicero
356 3749 391 3799 ud
409 3746 700 3814 Au.1.1,qutxvt
722 3746 780 3798 Kal.
794 3746 867 3807 Sext.
881 3748 1020 3816 prensandi
1035 3750 1140 3801 initium
1154 3750 1196 3802 fa-

207 3851 269 3887 cere
286 3831 407 3896 volebat,
425 3849 485 3883 cum
498 3848 591 3884 mense
606 3829 732 3900 Quinctili
749 3830 901 3900 plerumque
915 3830 1072 3884 haberentur
1084 3834 1197 3885 comitio.

213 3917 255 3987 (9)
275 3917 309 3969 Ut
332 3915 460 3978 Galba,
482 3916 529 3983 qui
549 3926 605 3966 tum
627 3904 680 3966 isin
700 3915 844 3985 prensabat.
866 3915 886 3968 l.
898 3915 919 3967 l.
934 3918 969 3967 ad
982 3919 1041 3968 Att.
1060 3916 1103 3970 Gi.
1117 3920 1195 3970 etiam

211 3998 515 4052 necromantem.
565 3997 624 4066 (10)
643 3997 1061 4062 Alex.geuit.dier.lV.3.lnit.,
1074 3997 1193 4052 Schutt.

167 4112 175 4129 ·
212 4087 272 4136 nod.
290 4086 342 4135 Cic.
357 4083 403 4136 IV.
418 4083 444 4135 1.
