2820 5572
538 530 556 587 7

141 736 244 794 civitas
252 736 291 792 1⁰.
302 734 411 792 relecta
420 735 522 792 mullis
530 733 713 793 diversorum
723 750 841 790 morum
850 733 1035 807 bominibus,

155 884 159 893 ·
245 845 355 922 quibus
369 845 507 905 omnibus
525 845 656 922 placere,
677 845 728 903 vix
742 842 871 903 alicuius
884 854 940 921 est;
954 843 1033 924 554.

10 972 45 1028 t,
249 1008 254 1023 ,.
300 956 429 1022 maxime
442 965 543 1017 temen
560 956 691 1036 placebis
706 955 890 1035 eloquentia:
908 954 953 1036 (1)

11 1104 25 1141 2
48 1109 64 1122 .,
91 1116 125 1137 ,,.
147 1116 149 1120 .
249 1066 390 1127 2⁰..valde
405 1067 522 1141 vitiosa,
543 1075 574 1127 et
590 1068 749 1145 largitione
764 1076 918 1146 corrupta,

297 1177 380 1256 quod
405 1178 609 1239 observatione
637 1187 667 1237 et
694 1185 778 1237 metu
801 1177 1034 1242 iniioiendo..est

299 1289 504 1350 avertendum.
522 1288 543 1369 Q
561 1289 666 1348 55-57.

96 1398 252 1459 Conclusio
269 1419 329 1477 qua
346 1401 525 1479 opusculum
541 1399 628 1457 fratri
642 1396 912 1477 commendatur.§
929 1396 978 1457 58.

516 1541 575 1555 —

56 1685 59 1690 ,
95 1620 234 1690 Diversae
247 1621 343 1682 buius
358 1621 471 1698 libelli,
489 1621 543 1699 qui
556 1622 620 1698 jam
640 1619 913 1680 Commentarioloru
931 1618 1035 1676 doPe-

10 1771 22 1808 ,
53 1733 167 1804 ιίεὶωιοἸ
187 1731 361 1804 Comobtor
391 1731 542 1791 audites
567 1750 726 1792 naootonarr
753 1727 798 1810 (2)
824 1727 1035 1788 emendatione

53 1842 136 1918 vulg.
156 1828 394 1922 concrematos,
415 1841 449 1902 in
467 1840 622 1901 codicibus
639 1849 670 1900 ct
687 1839 871 1899 editionibus
888 1838 1036 1918 antiquis·

52 1951 135 2022 ama
156 1932 231 2021 ...ui
247 1951 464 2030 inscriptiones.
505 1952 543 2012 11.
560 1951 694 2012 aarum
711 1950 872 2012 recount
890 1949 969 2010 1499
984 1970 1035 2029 su-

51 2064 252 2142 perscriptum
270 2072 314 2125 est
329 2063 406 2129 huic
423 2063 582 2141 opusculo:
602 2063 637 2121 do
649 2064 795 2142 petitione
812 2062 981 2122 cmmlctos
998 2059 1038 2119 od

53 2177 102 2236 M..
120 2176 249 2236 Tullium
267 2175 444 2236 Ciceronem.
485 2173 618 2234 Pmamus
629 2171 675 2254 (3)
688 2173 824 2233 adnotat:
843 2193 930 2232 »non
946 2173 1037 2249 pauci

56 2286 226 2354 vetantiores
248 2285 367 2348 codices
392 2285 579 2365 epigraphen
599 2285 642 2344 ita
662 2284 793 2344 habent:
824 2284 857 2364 Q.
877 2284 978 2343 Cicero
996 2285 1036 2342 M.

57 2397 155 2468 Z'rtllr'o
171 2397 271 2457 Fratri
289 2397 337 2472 ἃ,
356 2398 420 2458 eive
439 2397 473 2478 Q.
495 2398 595 2457 Cicero
607 2397 642 2455 de
653 2397 799 2476 politiam
814 2396 982 2455 consolatos
999 2395 1038 2454 od

51 2507 95 2566 M.
127 2507 256 2567 Tullium
269 2509 426 2588 frutrem.''
467 2507 567 2568 Codex
588 2506 768 2566 Erfurtensis
789 2526 869 2581 non,
890 2513 924 2566 ut
941 2517 1036 2566 emin.

53 2615 113 2691 ait,
131 2617 290 2695 inscriptus
308 2626 364 2678 est:
382 2620 519 2698 Epistola
538 2618 571 2698 Q.
593 2618 654 2678 Cic.
673 2619 708 2676 do
718 2629 779 2698 pet.
795 2638 889 2678 com:
904 2616 981 2677 haec
995 2625 1040 2676 est

52 2728 149 2806 ipsius
171 2749 320 2805 weronam
341 2728 411 2787 sed:
430 2729 465 2806 Q.
483 2730 524 2786 M.
543 2729 683 2785 Fratris.
702 2729 731 2786 d.
771 2728 870 2787 Codex
888 2727 1039 2787 Leidensis

89 2934 131 3002 (1)
151 2933 219 2984 llaec
238 2933 364 2984 sententia
385 2930 415 2981 ad
433 2946 488 2982 roo.
506 2929 626 2980 laedendo
641 2930 805 2996 repelluntur
818 2931 950 2998 pertinent
964 2933 1042 2982 etiam

51 3016 85 3066 ad
102 3016 118 3081 ᾗ
133 3017 177 3069 bl.
249 3015 290 3083 (2)
316 3013 388 3066 Dect.
409 3012 564 3065 llummel
586 3032 615 3082 p.
632 3013 675 3065 13.
692 3013 741 3065 Ed.
763 3029 841 3077 suae,
867 3015 909 3065 cui
931 3015 1037 3067 titulus:

52 3097 108 3167 »Q.
138 3096 323 3149 Ciceronis
353 3096 594 3149 commentariolum
623 3096 656 3148 de
684 3096 811 3165 petitione
839 3098 985 3150 consulatus
1007 3084 1039 3150 'ed

51 3183 86 3235 ll.
101 3182 132 3233 Τ.
148 3183 273 3234 Fratrem.
308 3180 376 3233 Cum
391 3181 521 3234 animadv.
543 3179 672 3233 Christ.
695 3179 803 3234 Gottl.
825 3180 1037 3246 Schwarzii‚

51 3265 135 3319 edidit
149 3266 272 3318 Bernb.
288 3266 379 3317 Frid.
393 3264 558 3318 llummel.
575 3264 805 3317 Norimh.1⁷ot.”
828 3264 939 3341 ”htsstf’
954 3269 1042 3343 inquit

52 3350 269 3417 »inscriptionem
298 3348 420 3417 praetulit
449 3348 664 3402 schwartius
692 3347 792 3417 uulgari
822 3337 1039 3423 commentarios,

49 3421 113 3502 qtrie
128 3435 157 3484 in
172 3428 245 3497 fine,
265 3431 330 3503 Cap.
345 3432 415 3484 xlv,
437 3431 515 3484 huius
536 3428 655 3501 opusculi
676 3432 732 3500 ipse'
754 3431 904 3500 Quintus
919 3427 1036 3503 scripsit:

53 3514 138 3568 »Volo
163 3520 235 3568 enim
254 3516 303 3570 hoc
325 3516 562 3590 commentariolum
581 3514 717 3585 petitionis
737 3513 828 3565 baberi
848 3517 920 3566 omni
942 3519 1039 3568 ratione

50 3598 231 3669 perlectum.''
267 3599 348 3651 Habet
368 3599 481 3651 eundem
503 3600 581 3651 etiam
604 3597 672 3650 Cod.
693 3596 725 3648 D.
747 3596 884 3650 llarci.''
902 3626 919 3639 -
938 3600 1038 3651 Primus

52 3667 214 3733 autemeam
229 3678 351 3751 epistolae
365 3685 513 3752 praeposuit
530 3671 771 3745 laceraturus,
789 3693 818 3733 ut
831 3693 901 3752 patet
915 3700 948 3733 ex
962 3683 1040 3735 buius
1064 3746 1067 3753 Ι

53 3765 220 3818 adnotatione
239 3764 271 3816 ad
288 3764 388 3836 ud.1¹¹¹
403 3780 469 3834 qliae
484 3766 580 3818 Petarii
595 3763 692 3836 prodiit
706 3763 828 3845 aptat,
847 3774 873 3817 et
886 3766 927 3816 cui
943 3764 1039 3817 adiecta

54 3860 96 3903 est
109 3850 196 3902 Italica
209 3851 392 3919 interpretatio.
446 3849 489 3919 (3)
507 3850 651 3921 »llpistolae
665 3849 731 3901 duae
741 3886 748 3914 ‚
757 3866 808 3899 una
816 3848 847 3918 Q.
863 3846 1039 3901 Ciceronis

56 3934 90 3986 ed
119 3933 152 3986 ll.
174 3930 347 3998 Tullium,
377 3934 409 3985 de
437 3936 561 4003 petitione
582 3934 743 3987 consulatus:
771 3934 847 3985 altera
868 3932 901 3984 tl.
925 3932 1038 3985 Tullii

60 4019 248 4071 Ciceronis
262 4018 292 4068 ad
309 4018 339 4087 Q.
355 4017 556 4070 Ciceronem
573 4020 696 4082 Fratrem,
713 4018 745 4068 de
761 4017 1039 4085 rationehenegeren·

59 4103 108 4153 dae
124 4103 286 4170 provinciae,
308 4101 451 4152 Rolandi
467 4103 599 4154 Petreii
616 4102 671 4155 lCti
688 4100 878 4152 commentariis
894 4098 1040 4150 illustratae.

59 4184 138 4236 Paris.
152 4185 253 4238 1564?
