2836 5588
704 436 745 496 26

228 647 375 725 praeisse:
397 650 525 720 utraque
542 640 693 720 publicam
712 641 838 703 salutem
856 662 887 702 se
903 640 1067 703 defendere
1083 659 1158 721 prae
1177 663 1210 704 se

226 755 353 830 ferebat,
381 761 415 813 ut
440 759 477 812 e'o
498 749 619 812 feeilius
644 752 767 814 civitate
794 753 957 832 potiretur,
979 761 1108 834 utraque
1126 754 1211 815 nihil

228 865 401 940 omittebat,
425 860 508 943 quod
533 861 592 921 sibi
608 873 703 941 posset
720 862 871 942 prodesse,
892 863 979 925 alteri
995 885 1119 926 nocere:
1140 874 1208 928 nte·

225 976 336 1037 bantur
352 973 526 1035 hominibus
541 973 676 1034 moribus
694 974 860 1052 dissolutis,
880 974 966 1056 Reip.
982 976 1132 1055 pestibus,
1151 978 1209 1059 qui

224 1106 315 1150 novas
330 1106 377 1147 res
384 1132 394 1163 ,
414 1094 449 1145 ut
473 1104 522 1145 aes
547 1085 681 1147 alienum
697 1086 865 1163 solverent,
884 1087 1088 1149 moliebantur
1091 1112 1101 1167 3
1124 1088 1205 1149 mili·

223 1206 290 1259 tum
314 1197 449 1277 eopinn,
478 1194 705 1258 abiectissimum
730 1196 866 1275 faecem,
885 1216 1041 1260 servorum
1066 1199 1206 1279 turbem,

222 1310 302 1370 nihil
326 1329 389 1368 non
410 1307 468 1367 sibi
493 1327 666 1386 comparare
682 1290 883 1386 sonabuntur,
903 1328 964 1389 quo
986 1330 1084 1371 unum
1109 1311 1205 1391 impe·

222 1418 310 1481 rendi
326 1417 486 1478 eonsilium
503 1425 732 1497 assequerentur
743 1417 797 1500 (1).
839 1418 1038 1500 Optimatium
1054 1429 1155 1500 partes
1172 1423 1206 1483 in

224 1551 308 1592 snus
335 1534 559 1609 superaverant,
586 1527 672 1606 plebs
697 1549 849 1609 oppressa,
877 1531 995 1592 tribuni
1016 1532 1058 1611 pl.
1079 1533 1206 1612 reiecti,

222 1638 385 1702 nobilitatis
398 1638 482 1699 favor
495 1657 637 1699 summus.
674 1637 826 1716 Peneius,
844 1662 924 1702 unus
940 1663 978 1702 ex
995 1643 1205 1722 optimatibus,

221 1752 299 1813 vidit
316 1759 351 1811 ut
368 1749 407 1811 ad
424 1768 576 1810 summum
592 1749 626 1809 in
642 1749 766 1812 civitate
778 1751 901 1812 eulmen
913 1754 1097 1832 perveniret,
1111 1757 1207 1835 plebe

222 1870 253 1924 et
269 1859 465 1942 popularibus
488 1859 547 1919 sibi
569 1879 644 1940 opus
663 1880 743 1940 esse3
766 1881 886 1924 exorsus
902 1863 1005 1944 itaque
1023 1886 1040 1926 s
1059 1866 1205 1928 Tribuno-

222 1992 293 2034 rum
309 1977 453 2051 potestate
469 1969 655 2030 restituenda
659 2016 668 2047 ,
689 1970 867 2034 iudiciariae
883 1973 1003 2035 Aurelii
1026 1977 1088 2055 legi
1109 1977 1204 2056 favit,

223 2083 307 2146 omni
326 2081 442 2142 ratione
458 2078 565 2158 populi
580 2087 679 2158 pentes
695 2099 726 2140 se
744 2082 887 2160 amplecti
903 2085 1072 2165 simulavit,
1092 2096 1125 2151 et
1142 2108 1203 2151 non

220 2193 280 2258 nisi
295 2190 345 2270 iis,
365 2208 445 2272 quae
465 2204 582 2250 summo
598 2188 705 2251 ardore
721 2189 881 2271 enpiebnt,
898 2193 1029 2272 potitus,
1049 2197 1204 2262 nobilibus

220 2322 253 2368 se
267 2302 420 2379 adiunxit3
442 2299 539 2359 donee
553 2298 680 2376 'nsum
701 2299 757 2379 qui
779 2299 912 2380 primum
936 2320 1054 2368 renuo
1079 2309 1204 2372 studere

220 2413 381 2478 videbatur
388 2455 398 2487 ,
430 2405 483 2470 sed
511 2406 618 2485 uniee,
652 2418 687 2469 ut
718 2410 825 2490 populi
837 2417 840 2425 “
850 2412 909 2473 'stbi
935 2414 1124 2481 voluntatem
1140 2420 1203 2482 nd·

219 2523 376 2600 seiseeret,
401 2518 550 2582 militibus
575 2523 606 2579 et
629 2516 770 2600 populari
797 2520 953 2586 voluntate
977 2526 1115 2607 adiutus3
1135 2534 1204 2593 tsn-

221 2624 404 2700 ‹lem'illum
427 2630 588 2714 superarit.
608 2653 626 2677 -’
644 2629 685 2691 At
700 2629 761 2694 iam
779 2630 913 2714 effrenus
933 2654 1000 2700 sum
1025 2643 1203 2721 quos'mihi

219 2750 284 2833 ipse
299 2746 374 2808 flnes
389 2761 556 2828 posueram.
577 2777 595 2788 -
613 2741 652 2802 In
665 2742 725 2812 hoo
747 2743 967 2808 eonsistendum
985 2754 1044 2808 est:
1074 2748 1205 2818 Pomm

217 2860 366 2924 nimirum
397 2874 471 2934 opus
496 2852 588 2913 fuisse
617 2868 733 2914 summo
755 2852 887 2935 quodam
913 2854 947 2918 ln
969 2856 1093 2921 nisime
1116 2861 1201 2944 viro,

218 2969 302 3054 plebi
319 2963 448 3047 gratioso
455 3009 465 3040 ,
484 2980 547 3023 non
562 2966 665 3022 tamen
678 2962 830 3041 timendo,
850 2965 905 3046 qni
924 2967 983 3047 ipsi
1005 2984 1123 3050 semper
1138 2975 1199 3039 suf-

218 3083 402 3160 fragaretur,
419 3072 513 3154 ipsius
529 3090 650 3135 eausam
666 3081 783 3152 ugus,
799 3071 857 3155 ipsi
870 3096 1021 3142 summum
1035 3082 1199 3162 imperium

218 3192 402 3268 vindicaret5
417 3194 448 3248 et
460 3204 568 3268 quem,
582 3184 608 3246 si
620 3204 683 3247 non
694 3185 822 3267 amplius
835 3205 872 3251 eo
880 3194 995 3270 egeret,
1004 3196 1055 3256 rel
1063 3214 1197 3276 pessum·

219 3303 293 3367 dure
313 3301 364 3364 vel
380 3317 498 3361 serene
514 3302 623 3381 posset,
639 3297 742 3378 prouti
756 3298 817 3363 suis
833 3300 924 3390 rebus
940 3304 1126 3370 eondueeret
1141 3311 1197 3394 (2).

253 3489 296 3562 (1)
314 3488 452 3544 Sellust.
477 3487 534 3539 ear.
548 3487 591 3540 1⁷.
627 3488 729 3542 »Ersnt
749 3500 879 3562 prseterer
899 3495 1045 3566 complures
1058 3501 1138 3570 prule
1152 3519 1201 3557 oe-

216 3575 310 3631 eultius
321 3572 423 3628 eonsilii
435 3570 542 3623 huiusee
555 3571 691 3642 partieipes
704 3573 822 3641 nobiles,
838 3591 902 3645 quos
914 3579 997 3648 magis
1012 3579 1200 3640 dominationis

217 3675 276 3732 spes
293 3657 457 3722 hortabatur,
476 3673 554 3727 quem
571 3657 676 3726 inopie,
694 3668 738 3711 sut
751 3658 800 3711 elle
814 3657 1010 3714 necessitudo.”
1081 3664 1125 3738 (2)
1145 3669 1200 3725 1100

217 3756 252 3796 ex
265 3758 297 3794 eo
309 3755 413 3810 quoqne
425 3749 541 3809 sppsret,
555 3738 625 3810 quod
638 3757 698 3792 eum
712 3739 775 3794 (lein
787 3743 817 3795 in
829 3744 936 3813 epistole
949 3745 982 3798 sd
997 3744 1198 3821 Pe't'npelttm

217 3825 386 3881 consulatum
401 3842 476 3878 suum
490 3842 569 3895 seque
584 3827 639 3897 ipse
656 3825 776 3880 Gieere
797 3827 950 3882 insolentius
964 3832 1082 3900 efferret,
1101 3836 1199 3892 Porn-

217 3912 318 3984 peius
331 3909 358 3961 id
373 3924 448 3979 aegre
462 3908 565 3975 tulerit,
583 3919 621 3972 et,
640 3920 669 3962 ut
680 3912 717 3963 sit
729 3910 815 3965 Sebol.
833 3911 907 3980 Bob,
925 3913 1080 3986 Pompeii
1096 3929 1198 3974 stome-

215 3997 295 4049 ehum
308 4013 361 4048 non
373 3993 538 4047 mediocriter
549 4007 721 4049 commoveret
733 3992 864 4071 cleers.
883 3994 925 4075 tlt.
938 4004 968 4066 p.
983 3998 1076 4054 Plane.
1089 4002 1134 4057 ts.
1148 4007 1197 4074 85,

214 4079 305 4149 ibique
322 4077 408 4133 Sobel.
426 4076 488 4130 llob.
