2836 5588
555 440 594 502 49

75 646 180 722 gitime
197 653 316 724 peraeta
334 645 415 704 fore:
437 645 550 724 quique
568 646 593 705 si
612 647 660 705 vel
678 647 758 707 fraus
775 648 872 726 lieret,
895 652 943 711 vel
961 653 1005 711 vis
1021 662 1051 711 et

75 758 181 817 turbae
207 763 401 816 moverentur
410 801 418 833 ‚
448 757 505 816 aut'
515 756 598 836 quod
612 759 742 836 praesint
759 760 886 819 comitiis
895 764 906 837 ,'
925 771 960 822 ut
976 764 1049 823 tone

72 865 168 944 sules,
199 876 251 929 aut
275 868 358 947 quod
384 867 570 928 intercedere
595 868 720 949 possint,
741 878 775 929 ut
792 872 916 931 Tribuni
932 873 1046 952 plebis,

72 979 226 1040 dimovere
242 989 360 1059 possent
378 979 505 1040 nefarios
522 982 679 1041 comitiave
695 980 817 1040 differre
831 980 892 1062 (1).·
934 988 936 994 '

110 1090 149 1148 tlt
175 1103 236 1151 non
261 1090 382 1167 sufficit,
409 1111 438 1152 a‘
451 1093 565 1152 nostris
576 1101 694 1154 tantum
711 1091 907 1153 familiaribus
923 1103 952 1153 et
971 1097 1042 1155 ami·

66 1203 110 1260 cis
124 1201 341 1279 commendari,
360 1203 393 1261 in
410 1202 509 1264 nostra
520 1211 637 1263 tantum
649 1203 732 1261 tribu
745 1202 898 1282 suffragia,
908 1206 1044 1283 quamvis

69 1312 185 1388 omnia,
199 1313 307 1392 ‘ferre3
329 1320 423 1392 opera'
436 1322 591 1392 praeterea
608 1320 651 1372 est
671 1312 784 1388 danda,
804 1321 836 1374 ut
855 1316 887 1372 in
904 1316 1057 1375 omnibus

66 1424 132 1483 aliis
162 1425 306 1484 centuriis
335 1426 421 1484 nobis
446 1425 555 1484 amicos
580 1425 801 1502 comparemus)
819 1424 884 1501 'qui
910 1445 960 1484 eos
983 1426 1040 1485 sibi

64 1534 342 1613 nobisque'possint
366 1511 534 1593 devincire:
555 1535 589 1593 hi
606 1533 734 1612 duplicis
747 1535 865 1612 generis
881 1539 969 1594 sunt':
989 1536 1047 1595 vel

65 1646 148 1704 enim
171 1644 266 1722 gratia
286 1645 347 1703 iam
362 1645 477 1724 pollent
496 1644 577 1724 apud
593 1665 678 1705 suam
695 1645 823 1723 quisque
841 1645 973 1722 tribum,
992 1665 1041 1706 ex·

65 1755 144 1834 perti
168 1775 232 1815 rem
259 1755 292 1815 in
313 1757 441 1835 propriis
461 1756 644 1834 petionibus3
663 1757 714 1815 vel
731 1764 801 1815 sunt
816 1756 871 1834 qui
888 1756 1039 1835 inaliqua

63 1866 161 1923 tribus
178 1886 248 1926 suae
265 1874 349 1945 parte
366 1865 416 1925 vel
433 1866 551 1925 valeant
565 1867 614 1925 vel
633 1867 733 1926 valere
745 1867 863 1945 possint.
899 1867 956 1926 llo's
969 1886 1037 1928 con·

65 1976 183 2034 iunctos
203 1995 231 2039 c
248 1975 306 2034 hoc
322 1975 389 2036 loco
403 1984 573 2034 enumerat:
595 1976 663 2036 »Ita
676 1995 772 2055 quum
786 1984 817 2034 et
829 1968 1037 2060 hos‘ipsos(2)‚

62 2081 185 2165 propter
209 2105 293 2146 suain
316 2086 508 2146 ambitionem
533 2086 588 2164 qui
613 2086 695 2164 apud
718 2087 844 2145 tribules
863 2106 931 2147 suos
945 2089 1039 2166 pluri-

62 2217 146 2256 mum
171 2197 266 2276 gratia
290 2204 430 2276 possunt,
457 2196 503 2254 tui
526 2195 671 2254 studiosos
688 2195 722 2254 in
736 2196 882 2255 centuriis
898 2197 1037 2274 habebis,

61 2317 90 2367 et
116 2316 231 2368 ceteros
253 2308 308 2386 qui
330 2305 412 2385 apud
438 2305 570 2384 aliquam
595 2315 708 2385 partem
737 2307 896 2367 tribulium
916 2318 1043 2388 propter

60 2416 220 2497 municipii
237 2425 289 2477 aut
306 2417 467 2478 seoinimis
482 2424 535 2476 ant
550 2417 671 2495 collegii
684 2418 831 2478 ratio'irem
848 2420 950 2479 valent
958 2467 966 2496 ‚
988 2440 1039 2482 cu·

58 2528 145 2608 pidos
160 2528 215 2586 tui
228 2504 446 2600 constitueris,
472 2527 506 2584 in
533 2527 644 2602 optima
671 2514 722 2603 spe
742 2548 804 2586 esse
826 2528 967 2588 debebis'²
983 2529 1036 2612 (3).

58 2638 174 2712 Quibus
200 2635 298 2696 verbis
318 2633 361 2694 'ad
387 2633 462 2693 duos
486 2654 504 2692 e
527 2634 775 2712 praecedentibus
796 2636 876 2696 looos
894 2624 1037 2718 respicit:

60 2748 216 2829 postremis
239 2745 363 2825 quidem
378 2743 417 2804 ad
433 2745 531 2804 hunc:
553 2754 647 2805 »sunt
663 2744 745 2806 'enim
762 2749 1039 2826 quidamhomines

59 2861 94 2917 in
110 2858 170 2917 suis
186 2855 389 2916 vicinitatibus
405 2864 435 2915 et
452 2858 625 2936 municipiis
639 2860 773 2936 gratiosi:
795 2832 865 2920 sunt
882 2862 1040 2943 diligentes

58 2977 91 3028 et
107 2967 217 3046 copiosi
225 2984 241 3043 ,·
254 2966 309 3045 qni
325 2967 441 3027 etiamsi
454 2975 542 3028 antea
556 2988 617 3028 non
634 2968 802 3029 studuerint
817 2971 890 3032 huic
906 2976 1037 3053 gratiae,

58 3088 160 3138 tamen
186 3097 223 3136 ex
248 3085 383 3156 tempore
409 3078 578 3154 elaborare,
604 3080 668 3140 eius
684 3099 772 3141 causa
787 3083 839 3143 cui
856 3082 967 3144 debent
985 3096 1038 3147 ant

91 3328 133 3400 (1)
153 3330 214 3393 Sic,
233 3329 299 3380 duce
314 3326 488 3390 Polemo,
508 3325 604 3396 explic.
620 3325 636 3393 §
651 3328 699 3380 18:
728 3331 786 3381 aad
799 3334 841 3382 ius
854 3335 1036 3404 obtinendum,

53 3411 266 3481 magistrataa’':
288 3427 353 3478 quos
379 3408 667 3463 ridieodiees'omnes
687 3409 783 3465 habent
804 3417 839 3465 cd
852 3418 982 3471 iusticiam
995 3424 1038 3474 vel

51 3502 201 3563 impl-giam,
227 3504 333 3564 excepto
354 3494 384 3546 L.
399 3494 451 3558 50,
476 3511 555 3562 quem
576 3491 773 3546 Lambinianam
794 3498 864 3551 lidits
881 3518 935 3553 esse
953 3504 1036 3556 videri

52 3585 208 3637 notavimus.
240 3580 293 3633 Sed
308 3581 359 3629 iam
374 3579 527 3630 Petreius
540 3577 680 3648 legendum
695 3581 850 3634 coniecerat:
867 3585 902 3634 ad
912 3587 1037 3640 iactuum

51 3665 228 3716 obtinendum.
306 3659 349 3730 (2)
376 3661 419 3713 Sic
439 3660 652 3729 distinguendum
673 3663 767 3728 credo,
791 3677 850 3734 post
870 3670 956 3736 ipsos,
983 3689 1036 3724 non

49 3760 111 3821 post
124 3749 306 3808 ambitionem,
325 3755 353 3795 ut
365 3744 424 3795 iacit
440 3742 557 3809 Orell,
575 3745 651 3796 verba
661 3753 771 3813 propter
782 3765 857 3800 mam
872 3755 1035 3808 ambitionem

52 3834 84 3886 nd
110 3834 203 3899 grafia
225 3834 336 3898 Pomm
363 3830 509 3897 pertinent:
537 3845 568 3879 eo
589 3829 645 3898 ipsc
665 3830 776 3882 multum
798 3837 876 3902 gratia
898 3847 1031 3906 poterant,

53 3914 124 3984 quod
145 3915 248 3965 fuerant
270 3911 414 3975 ambitiosi3
431 3922 506 3980 atque
522 3913 556 3962 ita
570 3911 678 3964 tribules
692 3931 751 3965 suos
764 3915 813 3967 sibi
828 3921 1034 3976 conciliaverant.

54 3999 99 4052 cf.
117 3999 130 4064 p
146 4000 180 4051 18
189 4037 196 4064 ‚
208 3999 258 4050 ubi
274 3998 306 4049 de
321 3996 426 4059 iisdem,
441 4007 469 4047 ut
484 3993 544 4047 mox
552 3996 662 4064 patebit,
676 4015 758 4050 sermo
766 4011 812 4051 est.
866 4001 907 4071 (3)
929 4006 969 4056 De
980 4010 1033 4060 Pet.

56 4087 72 4150 o
89 4086 133 4135 aa.

885 4188 902 4245 4
