2836 5588
474 1236 635 1377 CAPUT
662 1235 914 1321 ustuanti.

595 1488 637 1535 DE
659 1488 793 1537 Artorio.

292 2162 363 2284 Qui
386 2189 508 2252 taudem
534 2186 648 2248 factum
671 2183 780 2258 fuerit,
805 2191 921 2243 uttam
945 2203 1037 2261 parva
1055 2187 1090 2245 in
1109 2188 1195 2248 verbi

210 2304 419 2368 terminatione
446 2296 646 2376 discrepantia
672 2302 784 2354 tantam
808 2293 842 2352 in
864 2295 1026 2355 verborum
1048 2298 1196 2376 signifiea-

210 2418 291 2475 tione
310 2411 443 2472 attulerit
462 2407 677 2480 differentiam,
699 2412 846 2482 quantum
864 2405 943 2464 inter
961 2407 1155 2469 ambitionem
1167 2417 1199 2469 et

210 2526 353 2588 ambitum
376 2529 438 2598 est,
458 2517 581 2578 difficile
599 2516 684 2576 diotu
702 2523 761 2575 est:
783 2515 860 2574 forto
878 2535 916 2574 ex
934 2515 987 2577 illa
1004 2519 1086 2578 voois
1105 2520 1197 2599 signi-

210 2637 348 2697 ficatione
375 2653 436 2712 qua
462 2631 589 2692 ambitos
611 2636 655 2691 ut
672 2628 790 2688 aedium
806 2628 967 2703 circuitus,
986 2627 1061 2688 huic
1076 2630 1203 2708 aliquid

212 2747 358 2821 inhaesit,
388 2763 450 2823 quo
475 2740 673 2813 indicaretur,
700 2757 762 2796 non
783 2745 865 2797 recta
886 2737 951 2813 via,
968 2757 1027 2797 non
1043 2739 1203 2817 ingenua,

213 2857 265 2917 sed
296 2854 537 2936 quibuscumque
561 2846 861 2925 circumactionibus,
890 2847 1074 2923 tramitibus,
1105 2855 1204 2928 atque

213 2969 287 3027 hino
305 2961 445 3036 fallaciis,
465 2957 751 3034 machinationibus,
769 2957 808 3018 ad
824 2957 916 3018 tinem
931 2959 1118 3039 propositum
1131 2980 1202 3039 per-

215 3095 285 3156 gere
303 3069 357 3154 (1).

255 3180 410 3262 Quidquid
433 3179 490 3256 sit,
516 3178 605 3238 initio
622 3178 684 3238 iam
700 3176 785 3256 Reip.
800 3176 835 3238 R.
851 3179 941 3239 illum
958 3180 1106 3240 ambitum
1123 3198 1201 3258 pan-

214 3296 300 3358 latim
318 3292 456 3354 videmus
473 3289 598 3367 exoriri,
618 3298 708 3370 atque
726 3289 913 3366 adcrescere,
933 3311 1078 3352 consonam
1096 3299 1203 3352 minen

215 3421 350 3487 tempore
375 3404 510 3465 nondum
536 3409 599 3463 erat
625 3402 761 3481 cognitus
775 3400 834 3485 (2),
859 3401 952 3462 huius
975 3410 1111 3482 tempore
1130 3423 1203 3464 oon·

217 3521 312 3582 stabat
337 3517 436 3578 adhue
466 3515 500 3573 in
528 3512 719 3574 ostendendis
745 3513 940 3589 vulneribus,
964 3513 1042 3573 notis
1064 3514 1203 3573 virtutis:

219 3634 304 3708 dein,
321 3632 355 3689 in
371 3626 508 3706 augendo
525 3625 679 3705 petitionis
695 3626 867 3705 splendore,
887 3633 918 3685 et
931 3644 1053 3704 pompa,
1074 3634 1105 3685 et
1122 3626 1203 3687 inoi-

217 3744 308 3804 tando
330 3739 490 3801 hominurn
517 3736 623 3798 ardore
644 3745 672 3796 et
688 3737 841 3797 voluntate
854 3734 916 3819 (3),
942 3745 994 3812 nt,
1014 3745 1096 3796 oreta
1115 3746 1206 3817 togae

217 3861 565 3875 ...--——---..--.

253 3920 295 3989 (1)
315 3919 476 3970 Francorum·
493 3915 537 3966 dee
556 3913 688 3963 otentoura
711 3913 807 3982 tropico
829 3929 932 3983 quoquo
961 3930 1038 3966 sensu
1058 3911 1211 3966 adhibetur.

220 4006 261 4074 (ἰ)
288 4004 376 4056 Plut.
398 4005 426 4053 in
451 4000 546 4052 Coriol.
567 3995 668 4066 pido·
685 3995 756 4065 xyt.
829 3995 1213 4064 (etP1u1.tbtd.,oaaess.

218 4091 296 4140 Item.
311 4105 337 4155 p.
353 4087 413 4138 2⁷6.
428 4083 500 4152 xyl.
