2836 5588
544 402 577 460 21

64 631 116 684 ea,
137 629 213 688 quae
239 611 270 668 iu
296 629 329 668 rc
356 610 486 694 dispersa
513 617 603 688 atque
632 609 745 668 infinita
769 608 943 670 viderentur
965 631 1043 686 esse,

63 719 178 808 ratione
201 728 230 779 ct
248 719 465 804 distributione
488 720 544 778 snb
560 740 622 780 uno
640 728 766 798 aspectu¹
777 698 994 798 ponerentur:’'
1014 731 1044 780 et

65 831 124 891 alie
151 831 217 891 loco
235 829 295 910 (l):
324 851 401 906 uae,
428 851 467 889 00
493 830 596 890 videar
619 832 767 892 aberrasse
792 852 809 890 a
834 831 1043 892 distributione

62 960 147 1001 mea.
160 986 184 999 ..
213 941 270 999 hoo
295 945 436 1020 sequor:''
457 941 590 1020 denique
607 942 640 1000 in
657 941 734 1000 fine:
757 942 862 1003 »llaec
880 951 949 1004 sunt
963 962 1044 1022 quae

61 1052 168 1129 putavi
186 1072 247 1111 000
263 1052 371 1114 melius
389 1053 464 1113 seire
480 1073 529 1113 me
547 1072 639 1132 quam
655 1061 700 1131 te,
723 1052 775 1112 sed
792 1051 909 1114 facilius
926 1054 973 1112 his
986 1054 1046 1113 tuis
1084 1116 1087 1120 Α

60 1161 308 1240 occupationibus
335 1163 478 1241 colligere
505 1183 602 1223 unum
628 1164 662 1221 in
685 1162 786 1221 locum
807 1181 890 1239 posse
915 1171 945 1220 et
963 1163 1002 1221 ad
1019 1171 1048 1222 te

65 1273 229 1351 perscripta
254 1275 404 1335 mitterest'
453 1275 581 1334 Omnino
608 1273 695 1331 aliter
720 1273 754 1330 in
777 1293 830 1332 sua
853 1272 977 1350 epistola
997 1294 1045 1332 u:

65 1385 202 1462 quamvis
226 1385 299 1445 inde
324 1385 362 1446 ab
380 1385 468 1445 initio
485 1383 645 1444 consilium
662 1382 805 1443 habuerit
822 1401 915 1447 eurum
933 1383 1048 1461 aliquot

62 1495 193 1556 actiones
219 1494 459 1574 perstringendi,
489 1514 620 1572 eumque
648 1493 686 1552 de
714 1493 872 1553 iracundia
897 1501 928 1552 et
953 1494 1047 1552 nimia

58 1604 205 1665 facilitate
229 1602 488 1687 reprehendendi,
513 1604 571 1665 hoc
588 1623 688 1682 neque
707 1605 745 1662 ab
762 1604 851 1663 initio
869 1604 997 1663 ostendit
1015 1612 1046 1662 et

61 1713 218 1793 patefacit,
244 1734 344 1794 neque
370 1714 446 1793 quid
474 1722 589 1792 etque
615 1714 722 1772 ordine
746 1722 867 1773 aeturus
884 1715 939 1790 sit,
961 1723 1047 1774 antea

36 1842 39 1848 “
62 1826 193 1904 explicat
202 1871 211 1902 ,
238 1834 389 1888 ettamen
407 1825 507 1885 omnia
525 1825 650 1884 strictim
667 1824 758 1884 facile
775 1833 899 1903 tractat;
922 1825 1048 1885 laudans

61 1937 167 2024 quasi,
188 1935 295 2015 incipit
313 1956 450 2013 monere,
470 1913 536 1995 turn
554 1955 643 2010 vero,
662 1943 696 1994 ut
711 1937 736 1994 si
753 1936 791 1994 ab
808 1936 862 1996 illo
877 1938 943 1997 loeo
959 1938 1048 2016 plane
1077 1976 1080 1981 -

61 2047 160 2107 aliena
178 2048 303 2126 egisset,
324 2068 356 2106 se
373 2046 496 2126 recipit,
519 2054 550 2105 et
566 2045 680 2106 monita
698 2056 831 2107 excusat:
848 2072 869 2124 ⁸u
878 2049 930 2106 sed
947 2049 1047 2108 nescio

59 2176 122 2237 quo
141 2161 248 2235 paeto’'
267 2157 367 2235 inquit
384 2154 428 2237 (2)
454 2181 469 2214 n
481 2155 519 2216 ad
538 2155 746 2234 praecipiendi
764 2156 911 2216 rationem
930 2156 1049 2236 delapsa

60 2274 104 2325 est
121 2266 216 2327 oratio
230 2286 311 2342 mea,
332 2285 429 2344 quum
446 2265 480 2323 id
498 2265 574 2324 mihi
589 2267 775 2344 propositum
792 2267 880 2326 initio
898 2288 959 2326 000
976 2268 1046 2328 fuis·

58 2384 113 2436 set.
154 2376 234 2450 Quid
259 2376 341 2436 enim
367 2376 396 2434 ei
422 2376 621 2455 praecipiam,
648 2397 740 2455 quem
766 2397 822 2455 ego
838 2377 871 2435 in
889 2378 946 2437 hoc
963 2398 1047 2457 prae·

55 2485 161 2546 sertim
183 2506 294 2564 genere
320 2486 487 2564 intelligam
513 2486 675 2564 prudentia
699 2508 761 2548 nen
786 2508 853 2547 esse
870 2488 1045 2550 inferiorem

58 2617 154 2676 quam
180 2617 248 2672 me,
276 2617 334 2655 usu
360 2616 433 2655 vero
459 2597 551 2653 etiam
577 2597 802 2672 superiorem?”
829 2606 902 2675 eet,
932 2608 961 2658 et
985 2600 1045 2662 alio

56 2708 127 2768 loco
145 2703 207 2788 (3):
235 2704 316 2764 »sed
339 2703 416 2782 quid
439 2724 495 2782 ego
521 2711 551 2762 te
576 2704 653 2764 hacc
678 2704 799 2780 hortor,
828 2727 906 2784 quac
932 2717 967 2767 tu
984 2730 1045 2770 000

56 2817 150 2877 modo
172 2815 272 2874 facere
292 2822 374 2892 potes
392 2822 443 2876 tua
460 2821 565 2892 sponte
582 2815 647 2874 sine
665 2814 843 2893 cuiusquam
862 2820 1044 2898 praeceptis,

57 2925 113 2986 sed
138 2925 230 2987 etiam
249 2945 358 3004 magna
374 2928 434 2985 iam
452 2933 590 3004 exparte
608 2924 779 3004 perfecisti?
792 2971 817 2985 ..
858 2925 898 2985 At
914 2947 949 2986 ea
967 2949 1044 3007 quae

60 3057 152 3116 supra
174 3037 281 3115 scripta
303 3045 391 3111 sunt,
412 3039 472 3096 000
492 3045 526 3094 ut
544 3044 574 3096 te
591 3036 796 3111 instituerem,
817 3037 937 3114 scripsi,
957 3074 974 3082 -
994 3060 1044 3098 ne-

61 3167 122 3229 que
139 3149 222 3208 enirn
239 3147 401 3226 prudentia
417 3156 469 3207 tua
487 3148 665 3226 cuiusquam
681 3155 840 3225 praecepta
853 3146 1013 3225 desiderat,
1027 3184 1043 3194 —

60 3258 114 3318 sod
136 3278 189 3336 me
209 3256 427 3316 inscribendo
452 3257 694 3317 commemoratio
721 3264 791 3316 tuae
809 3258 928 3318 virtutis
945 3259 1041 3322 delec-

60 3369 169 3429 tavit:’'
188 3377 245 3429 cet.
282 3368 356 3428 Sane
373 3367 531 3426 abeodem
545 3367 668 3427 homine
683 3374 745 3427 tam
760 3367 876 3427 diversa
891 3370 924 3427 iu
938 3370 1043 3431 eadem

62 3499 98 3538 re
116 3478 225 3556 agendi
242 3486 273 3539 et
289 3478 438 3538 scribendi
454 3478 530 3537 ratio
547 3476 679 3556 profecta
696 3499 757 3538 non
776 3487 828 3538 est.

103 3587 160 3665 At,
183 3589 282 3664 aiunt,
307 3565 360 3668 qui
384 3590 483 3648 minor
500 3596 574 3668 natu
593 3609 620 3652 0.
639 3589 784 3649 maiorem
801 3589 925 3648 fratrem
943 3610 1042 3650 anone·

61 3708 125 3761 ret:
151 3698 206 3782 ¹ille
229 3701 402 3778 praesertim
427 3719 518 3780 quem
542 3720 639 3778 nuper
656 3723 685 3760 u.
704 3701 928 3779 increpaverat,
948 3710 1042 3780 utque

72 3909 235 3929 ——m-.-
248 3911 272 3915 η.
294 3911 409 3917 .-.,-..-4,,

99 4043 139 4111 (n
161 4046 201 4096 oc
216 4047 271 4096 ru.
292 4045 362 4110 ele.
436 4045 476 4112 (a)
498 4047 542 4096 Ar
561 4047 651 4107 Quint.
667 4046 687 4096 1.
701 4048 726 4096 1.
742 4047 782 4097 ss.
857 4047 897 4116 (a)
918 4047 984 4098 00.
1000 4049 1042 4100 sc.
