2836 5588
222 654 312 720 tores,
338 652 368 702 et
393 661 530 702 cressonis
552 649 685 719 tempore
707 659 778 698 curn
802 639 902 718 plures
924 640 1098 716 veniebant,
1126 651 1191 702 tum

222 754 357 832 pluribus
382 752 536 812 interdum
562 750 805 830 competitoribus
834 749 927 810 iidem
954 752 1191 830 assectabantur,

222 875 256 924 ut
272 883 365 944 quem
381 864 511 925 maxime
527 864 604 923 haec
619 861 715 923 officia
732 861 968 923 animadvertere
986 863 1141 941 viderent,
1162 868 1190 926 ei

219 996 251 1036 se
267 975 411 1034 dederent
425 973 479 1056 (1).
519 975 622 1035 Altera
638 983 682 1034 est
697 974 897 1034 deductorum
920 978 1085 1054 assentatio,
1112 999 1191 1059 quae

219 1096 284 1148 erat
299 1088 517 1166 gratiosissima,
536 1095 567 1146 et
582 1087 749 1165 plurimum
762 1086 904 1146 afferebat
921 1085 1086 1165 dignitatis,
1104 1110 1187 1167 prae·

165 1188 167 1195 ¹
218 1200 320 1260 sertim
336 1201 361 1259 si
377 1200 562 1278 frequentes,
589 1208 619 1259 et
642 1219 680 1259 ex
702 1216 819 1258 summo
839 1206 935 1257 essent
957 1200 1126 1260 incivitate
1144 1222 1188 1262 or·

215 1312 288 1372 dine
304 1310 361 1394 (2);
383 1318 487 1400 atque,
517 1327 676 1371 causarum
692 1315 852 1387 patronum
871 1309 1078 1386 candidatum,
1101 1312 1191 1372 multi

215 1425 254 1484 ab
270 1444 307 1483 eo
323 1423 439 1483 defensi
456 1430 486 1482 et
504 1421 626 1481 iudiciis
642 1420 763 1480 liberati
776 1419 989 1479 comitarentur
997 1420 1050 1502 (3)
1087 1423 1190 1484 Fiebat

214 1543 315 1595 autem
332 1533 387 1593 illa
398 1532 542 1592 deductio
551 1532 640 1591 certis
652 1520 847 1609 temporibus,
863 1539 894 1591 et
906 1532 1018 1610 insigni
1030 1532 1188 1614 gratia(4).

215 1645 314 1703 Tertia
338 1651 382 1704 est
408 1662 526 1718 eorum,
545 1643 600 1722 qui
616 1661 688 1720 prae
705 1641 813 1701 ceteris
828 1649 984 1702 sectatores
1002 1643 1051 1701 vel
1068 1651 1188 1704 assecta-

216 1765 293 1815 tores
310 1753 469 1831 dicuntur;
491 1762 615 1831 eratque
633 1751 749 1812 assidua
766 1751 861 1830 magis
875 1751 1039 1813 officiositas
1055 1754 1191 1815 mutatui

216 1865 310 1940 dinis,
338 1846 514 1942 praesertim
540 1862 712 1922 tenuiorum
735 1862 909 1921 hominum:
939 1884 1010 1925 nam
1032 1873 1120 1926 erant
1142 1867 1192 1926 vel

217 1976 394 2053 voluntarii,
419 1974 469 2034 vel
486 1973 627 2034 nonnulli
651 1974 706 2052 qui
729 1973 788 2033 hoc
812 1974 912 2033 facere
937 1973 1099 2053 debebant,
1126 1998 1191 2037 mu·

216 2086 340 2146 neribus
357 2095 386 2146 et
403 2085 557 2145 benefieiis
582 2084 717 2144 adiuncti
723 2108 732 2163 ;
759 2085 944 2145 honestiores
959 2094 1075 2163 autem,
1102 2097 1193 2166 atquc

216 2205 314 2258 aetate
330 2198 392 2257 iam
409 2197 548 2272 maiores,
573 2196 753 2256 necessarios
774 2215 843 2254 suos
857 2195 891 2254 in
906 2195 964 2256 hoe
981 2217 1108 2258 munere
1124 2219 1192 2259 eon-

214 2301 441 2386 stituebant(5)
482 2307 561 2366 Haec
578 2327 620 2384 e5
640 2306 821 2386 quibuscum
836 2305 936 2367 fratris
950 2309 1042 2368 verba
1059 2318 1121 2370 tam
1138 2313 1193 2371 mi·
1231 2329 1232 2332 ¹

213 2417 298 2477 rifice
320 2416 485 2478 concinunt
504 2416 538 2474 in
559 2423 633 2476 orat.
654 2435 709 2494 pro
726 2437 854 2495 nossem
872 2415 930 2498 (6),
949 2427 982 2479 nt
997 2422 1082 2481 hunc
1098 2441 1193 2487 eornm
1285 2478 1286 2485 ,

215 2529 315 2589 locum
332 2526 428 2588 oculis
446 2525 631 2605 propesitum
653 2527 793 2586 habuisse
821 2528 967 2590 videatur.
1009 2533 1084 2594 Cum
1109 2535 1191 2594 enim

213 2644 367 2699 accusator
379 2635 513 2709 dixisset,
527 2635 604 2712 quid
615 2654 689 2712 opus
702 2642 777 2694 esset
788 2624 1000 2699 sectatoribus?
1035 2641 1081 2698 »A
1095 2653 1192 2706 metu

213 2748 248 2807 id
259 2746 399 2826 quaeris”
412 2745 513 2823 inquit
526 2744 621 2824 »quid
633 2764 708 2823 opus
717 2745 756 2804 sit
767 2765 803 2806 eo
815 2766 877 2825 que
887 2767 1004 2826 semper
1014 2750 1060 2809 usi
1070 2757 1190 2820 suiuus?

216 2858 357 2918 Homines
379 2866 485 2917 tenues
511 2877 607 2916 unum
629 2857 742 2917 babent
767 2857 800 2916 in
824 2866 969 2918 nostrum·
983 2860 1120 2922 ordinem
1141 2875 1193 2926 aut

214 2968 408 3050 promerendi
424 2976 476 3028 aut
492 2967 644 3027 referendi
658 2966 798 3028 beneficii
811 2969 926 3045 locum,
946 2970 1025 3031 hanc
1036 2973 1070 3032 in
1086 2976 1192 3036 nostris

213 3081 408 3162 petitionibus
434 3099 557 3158 operam
585 3088 677 3160 atque
701 3079 931 3140 ascensionem.
980 3083 1085 3163 Neque
1109 3087 1191 3148 euim

213 3195 280 3253 fieri
296 3199 405 3273 potest,
425 3211 526 3271 neque
541 3190 753 3269 postulandum
771 3199 815 3250 est
832 3211 850 3249 a
865 3192 963 3267 nobis,
983 3202 1036 3254 aut
1051 3197 1089 3255 ab
1105 3201 1190 3278 equi-
1285 3203 1288 3209 “
1321 3254 1328 3267 ,

213 3304 294 3363 tibus
315 3301 473 3378 Romanis,
503 3308 537 3360 ut
560 3320 628 3361 suos
651 3301 829 3360 necessarios
854 3300 1028 3363 candidatos
1045 3319 1191 3391 sectentur

213 3423 290 3476 totos
306 3413 381 3472 dies:
403 3412 547 3492 aquibus
563 3411 588 3470 si
605 3411 711 3471 domus
736 3419 834 3471 nestra
849 3412 1033 3490 celebratur,
1055 3417 1080 3474 si
1097 3417 1187 3479 inter.

214 3527 291 3586 dum
307 3523 346 3585 ad
362 3523 461 3584 forum
478 3521 671 3599 deducimur,
696 3523 721 3581 si
743 3542 808 3583 runo
828 3523 971 3584 basilicae
986 3527 1080 3606 spatio
1095 3528 1188 3590 bone·

213 3644 342 3712 stamur,
370 3633 532 3713 diligenter
555 3633 706 3694 observari
723 3632 862 3694 videmur
877 3643 908 3694 et
923 3636 995 3696 coli:
1016 3639 1188 3700 tenuiorum

215 3755 246 3807 et
264 3766 325 3806 non
342 3753 555 3822 occupatorum
570 3744 735 3805 amicorum
748 3753 791 3805 est
803 3742 858 3805 ista
871 3746 1037 3825 assiduitas,
1058 3769 1187 3829 quorum

249 4002 291 4070 (1)
311 4002 380 4054 nra.
440 4001 482 4070 (ι)
503 3999 659 4054 morast.
673 4000 801 4067 setam,
820 4004 856 4055 aa
870 3991 928 4055 Aa.
943 4002 964 4055 1.
986 4005 1028 4057 ιι.
1086 4005 1128 4075 (a)
1148 4007 1189 4060 ns

217 4086 272 4136 ra.
290 4085 361 4150 ess.
434 4083 475 4150 (ι)
494 4083 562 4135 reta.
586 4084 660 4150 ess.
731 4083 772 4153 (s)
790 4084 859 4139 nse.
882 4087 954 4154 aar.
1025 4088 1066 4158 (e)
1086 4091 1186 4146 sero.
