2836 5588
681 442 718 505 71

139 690 142 696 ·
252 653 347 711 Ceteri
373 659 488 725 autem,
516 651 569 728 qui
596 670 613 708 a
640 651 787 729 pecuniae
805 650 964 728 largitione
978 651 1191 728 abhorrebant,

212 764 261 823 vel
287 784 349 823 non
372 760 529 841 petebant,
555 769 589 819 ut
610 783 736 838 armeus,
756 781 848 840 quem
868 783 950 822 uaros
974 763 1066 823 refert
1083 763 1127 845 (1)
1154 765 1192 822 ab

213 874 378 934 honoribus
399 872 589 949 abstinuisse,
619 871 702 950 quod
725 891 824 951 neque
841 873 904 950 peti
925 893 1008 932 more
1028 875 1191 949 maiorum,

212 1004 312 1062 neque
342 984 408 1063 capi
436 991 554 1062 possent
584 983 764 1042 conservatis
789 983 922 1060 legibus,
949 985 983 1043 in
1010 992 1070 1044 tam
1093 983 1194 1044 effusis

213 1096 342 1157 ambitus
359 1096 566 1174 largitionibus
570 1120 579 1174 3
601 1095 650 1154 vel
667 1095 691 1153 si
708 1102 859 1186 peterent,
879 1095 1028 1173 repulsam
1042 1093 1193 1170 ferebant,

212 1215 247 1267 ut
276 1228 385 1268 sravrns
415 1228 548 1266 smrrcrus
566 1204 610 1288 (2)
617 1231 625 1284 3
656 1206 706 1265 vel
730 1205 852 1265 tandem
873 1205 986 1285 populo
1011 1204 1195 1265 blandiendo

212 1326 243 1376 et
275 1318 494 1396 promittendo,
524 1336 700 1394 smnmaque
732 1315 859 1376 laudum
888 1318 998 1395 gratia,
1028 1336 1065 1376 eo
1090 1335 1194 1395 perve

214 1427 353 1504 aiebant,
380 1436 416 1486 ut
439 1448 491 1506 spe
512 1436 543 1486 et
568 1427 765 1487 admiratione
790 1428 951 1487 ductarum
979 1425 1196 1507 quarumdam,

211 1538 348 1615 plurima
377 1537 531 1596 interdum
557 1538 776 1613 centuriarum,
801 1537 941 1616 suffragia
966 1537 1093 1597 ferrent:
1124 1556 1195 1597 nam

212 1646 348 1710 nullae
377 1668 473 1708 manao
499 1655 622 1707 testatur
648 1656 709 1707 tam
735 1648 892 1725 inquinata
917 1648 1076 1726 largitione
1104 1647 1196 1708 fuisse
1253 1688 1269 1708 -.

214 1757 348 1832 comitia,
362 1757 395 1815 in
410 1758 519 1835 quibus
536 1777 598 1816 non
615 1756 706 1835 gratis
720 1756 839 1836 aliquae
853 1758 1008 1818 centuriae
1021 1759 1198 1818 renuntient

213 1886 279 1924 suos
305 1885 487 1944 magnopere
514 1866 692 1926 necessarios
717 1866 772 1948 (3).
823 1867 884 1927 Hoc
912 1876 1013 1929 autem
1040 1869 1073 1927 in
1092 1869 1198 1948 primis

212 1976 362 2056 pendebat
388 1997 406 2037 a
432 1977 562 2053 ratione,
590 1996 651 2056 qua
679 1998 710 2037 se
735 1972 979 2058 competitoribus
1000 1979 1197 2058 largientibus

212 2096 406 2167 opponerent.
449 2085 530 2147 lianc
556 2088 590 2147 in
615 2108 680 2146 rem
703 2098 862 2169 praecepta
878 2089 1027 2169 quaedam
1045 2089 1137 2150 tradit
1152 2112 1196 2166 a„

212 2218 290 2278 quae
303 2219 339 2258 eo
353 2199 448 2277 magis
462 2197 728 2258 animadvertenda
742 2207 825 2274 sunt,
843 2200 916 2278 quia
931 2199 1018 2259 fratri
1033 2199 1197 2261 laudabilia

214 2318 305 2388 atque
319 2310 443 2387 probata
460 2309 522 2368 visa
536 2317 614 2369 sunt.
656 2309 805 2368 Nimirum
821 2308 938 2371 efficere
955 2311 1097 2387 debebat,
1117 2320 1154 2371 ut
1166 2312 1199 2370 in

214 2420 459 2499 competitoribus
475 2420 534 2479 suis
552 2420 704 2479 exsisteret
721 2427 773 2478 aut
790 2420 910 2481 sceleris
927 2430 978 2482 aut
995 2421 1131 2482 libidinis
1147 2431 1200 2483 aut

213 2529 378 2608 largitionis
412 2528 635 2590 accommodata
661 2527 700 2587 ad
734 2547 839 2589 eorum
865 2552 962 2591 mores
986 2514 1111 2593 infamia
1137 2529 1196 2614 (4);

214 2640 326 2699 deinde
344 2638 435 2698 »fac’'
453 2638 553 2717 inquit
570 2646 628 2696 »ut
647 2646 676 2696 te
695 2636 774 2696 bene
791 2639 887 2716 noris,
906 2641 1015 2716 idest,
1035 2649 1071 2700 ut
1086 2642 1198 2701 intelli·

215 2771 265 2830 gas
282 2769 353 2811 eum
368 2769 430 2809 esse
446 2758 490 2824 te,
511 2749 565 2827 qui
583 2746 691 2807 iudicii
707 2768 743 2809 ac
758 2749 887 2828 periculi
904 2760 1020 2812 metum
1033 2753 1200 2815 maximum

215 2862 460 2943 competitoribus
485 2860 592 2920 afferre
609 2861 708 2939 possis.
749 2860 821 2937 Fac,
841 2881 872 2921 se
889 2868 924 2922 ut
942 2862 992 2923 abs
1009 2871 1038 2924 te
1054 2864 1200 2924 custodiri

216 2982 307 3052 atque
339 2972 489 3033 observari
521 2971 630 3048 sciant,
660 2991 756 3051 quum
788 2971 977 3052 diligentiam
1007 2982 1105 3052 tuam,
1135 2983 1200 3036 tum

218 3086 426 3146 auctoritatem
450 3084 573 3162 vimque
598 3082 737 3159 dicendi,
758 3091 824 3144 tum
841 3083 975 3163 prolecto
992 3087 1138 3165 equestris
1154 3106 1198 3152 or·

217 3197 296 3255 dinis
329 3215 400 3273 erga
433 3202 462 3252 te
492 3194 625 3252 studium
657 3195 903 3273 pertimescant3’'
937 3203 967 3254 et
997 3196 1088 3275 paulo
1117 3204 1197 3277 post:

219 3326 353 3386 aquare.
366 3351 392 3365 ..
408 3306 433 3363 si
456 3304 700 3385 competitoribus
722 3303 835 3364 iudicia
855 3306 1063 3385 proponimus,
1083 3327 1200 3387 seques·

218 3418 314 3476 tribus
337 3423 452 3475 metum
471 3415 636 3489 iniicimus,
662 3413 804 3475 divisores
825 3417 940 3476 ratione
963 3416 1065 3496 aliqua
1084 3423 1200 3479 coerce·

220 3550 301 3604 inus,
330 3527 434 3607 perfici
460 3534 569 3606 potest,
598 3535 633 3585 ut
658 3526 778 3605 largitio
795 3535 848 3587 aut
865 3527 951 3588 nulla
966 3527 1034 3604 fiat,
1055 3537 1107 3590 aut
1122 3529 1201 3589 nihil

221 3640 335 3699 valeat”
353 3635 407 3721 (5)
448 3637 546 3696 Unum
573 3646 674 3697 tamen
699 3636 778 3696 illud
804 3657 992 3718 summopere
1018 3649 1082 3700 erat
1107 3641 1201 3701 vitan·
1310 3710 1313 3718 ¹

222 3749 362 3823 tandum,
389 3756 424 3807 ut
450 3747 604 3807 videretur
627 3747 802 3809 candidatus
826 3750 884 3810 iam
905 3753 1123 3812 accusationem
1141 3772 1201 3811 me·

158 3992 171 4013 ¹
259 4006 300 4073 (1)
322 4006 473 4056 uana
495 4006 520 4054 a.
543 4006 568 4054 1.
641 4003 683 4070 (a)
704 4003 955 4055 ramnusia.
1027 4005 1069 4074 (a)
1090 4006 1201 4058 nera.

227 4092 297 4149 aas.
369 4089 410 4155 (a)
429 4088 497 4140 ma
516 4087 530 4150 a
546 4088 588 4139 aa.
661 4086 703 4152 (a)
722 4085 790 4138 ma
806 4088 822 4151 a
837 4087 887 4151 aa,
904 4088 947 4140 ar.
