2820 5572
694 429 732 488 52

226 636 353 706 sariam,
382 631 464 690 rnrde
489 630 611 690 tandem
636 640 815 692 correctores
843 634 950 692 tribum
973 647 1026 694 aut
1043 640 1204 698 centuriam

226 745 438 819 confecerunt,
456 751 559 803 exorta
575 752 654 804 sunt.
685 744 760 804 llinc
772 745 859 804 toties
872 745 951 806 illud
963 749 1136 826 repetitum
1150 765 1207 828 aat,

226 854 310 934 quod
332 875 417 915 aures
444 854 505 914 iam
532 853 695 916 offenderat
713 853 771 937 (1),
790 857 919 937 exstitit3
946 867 977 917 et
992 859 1070 919 hinc
1092 881 1207 941 qnoque

226 968 341 1027 incerta
364 966 526 1027 verborum
550 968 601 1026 aba
618 979 644 1026 te
659 968 832 1047 collocatio,
853 971 940 1030 cuius
954 972 1045 1032 aliam
1059 975 1204 1036 rationem

159 1079 161 1086 '
225 1097 287 1138 non
303 1077 393 1138 facile
410 1077 579 1137 inveneris:
600 1077 691 1138 credo
707 1078 801 1158 igitur
810 1126 820 1157 ‚
840 1081 882 1141 sic
900 1083 1045 1162 scriptum
1060 1083 1175 1147 fuisse:

366 1263 428 1310 eut.
447 1251 576 1310 tribaaat
593 1253 755 1310 cantariam

304 1331 345 1389 ad
361 1331 575 1409 conficimdam
592 1334 755 1407 centuriae,
772 1331 902 1392 bominac
919 1335 1076 1395 excellenti
1091 1341 1204 1420 gratia,

304 1442 358 1519 qai
378 1440 500 1519 aliquod
519 1440 570 1500 aba
587 1452 613 1500 te
632 1442 806 1521 beneficiam
822 1456 875 1504 aut
896 1444 1021 1506 babeam
1037 1461 1095 1508 aut
1112 1461 1147 1510 ut
1163 1451 1206 1510 ba·

307 1551 394 1611 beaat
405 1549 450 1633 (2)
467 1563 598 1630 spereat;
619 1572 666 1610 eae
683 1561 741 1613 cet.

266 1742 386 1803 Praeter
402 1742 470 1803 iilos
482 1749 583 1803 antem
600 1763 675 1823 qnos
688 1743 749 1805 iarn
761 1745 967 1808 nominaverat
980 1768 1007 1811 a.
1023 1749 1205 1829 ambitiosos,

226 1855 259 1914 in
286 1854 346 1912 suis
371 1853 511 1912 tribubus
528 1853 656 1931 validos,
676 1873 773 1934 quum
790 1863 908 1932 amen,
928 1867 1077 1936 qnantum
1093 1870 1204 1939 posset,

225 1981 327 2022 omnes
351 1963 505 2020 centuriae
524 1963 628 2020 multis
655 1971 685 2022 et
711 1966 801 2025 variis
827 1967 965 2028 amicitiis
987 1978 1086 2028 essent
1105 1971 1202 2032 confir·

223 2071 350 2132 mundae
358 2118 367 2149 ,
387 2071 477 2130 multi
494 2079 579 2130 erant
591 2071 757 2149 excitandi,
772 2074 827 2151 qui
839 2076 898 2134 hoc
913 2080 1125 2140 centuriarum
1140 2101 1202 2142 eau-

191 2191 194 2194 ’
223 2182 327 2243 didato
342 2181 597 2243 conficiendarum
611 2181 813 2241 consiliumet
829 2183 1137 2251 studiumhahercnt.
1171 2192 1201 2250 lr

222 2294 261 2352 iis
278 2302 468 2357 autemcum
484 2300 607 2371 propter
625 2312 777 2351 summurn
795 2293 829 2351 in
846 2294 966 2355 civitate
983 2297 1108 2377 locum,
1129 2321 1201 2362 sena·

223 2413 317 2478 tores,
346 2410 469 2480 propter
495 2401 631 2476 divitias,
656 2410 687 2460 et
710 2403 750 2462 ob
767 2404 931 2482 singulares
952 2427 1017 2466 suas
1035 2413 1200 2487 centurias,

223 2515 339 2594 equites
362 2514 530 2592 plurimum
553 2521 689 2591 possent,
715 2513 848 2592 ipsorum
871 2515 1024 2592 inprimis
1041 2520 1122 2579 ratio
1143 2530 1199 2585 eri

223 2625 363 2686 habenda
371 2622 425 2706 (3)
457 2626 610 2685 Senatores
627 2633 743 2700 autern,
761 2625 898 2685 homines
915 2626 1029 2686 nobiles
1046 2629 1099 2686 rel
1114 2630 1200 2695 hono

221 2737 307 2797 ribus
333 2736 367 2795 in
394 2735 515 2796 civitate
539 2735 672 2810 iunctos,
698 2735 755 2793 sihi
779 2735 942 2795 conciliare
959 2757 1127 2816 perquam
1141 2752 1200 2804 erat

223 2848 364 2908 difficile:
391 2845 583 2922 praesertim,
612 2843 638 2901 si
662 2863 725 2903 non
750 2845 900 2905 natalibus
926 2855 1016 2927 atque
1042 2862 1198 2927 parentun

221 2957 420 3036 imaginibus,
440 2953 493 3012 sed
514 2953 575 3013 suis
596 2952 721 3014 demum
739 2955 897 3016 curulibus
913 2961 1142 3037 magistratibus
1151 2986 1196 3045 ge

256 3155 298 3222 (1)
318 3151 439 3222 Quamvis
457 3151 529 3202 enim
550 3148 687 3217 aliquoties
700 3158 812 3200 cacunet
832 3150 877 3202 illa
891 3150 969 3204 huius
983 3169 1041 3206 roc.
1054 3158 1148 3213 crebre
1159 3179 1199 3213 re.

220 3239 330 3311 petitio,
355 3248 384 3288 ut
397 3237 427 3287 de
447 3241 515 3287 arat.
537 3233 559 3285 Ι.
573 3234 599 3285 9.
614 3233 658 3285 35.
677 3250 732 3283 »ne
747 3243 791 3284 aut
804 3233 837 3285 de
854 3235 885 3287 Ο.
900 3235 1034 3301 Laelii,
1054 3245 1141 3296 soceri
1153 3245 1199 3296 mei

217 3331 260 3374 aut
278 3321 311 3372 de
330 3320 428 3385 huius,
453 3319 562 3389 generi,
586 3327 630 3369 aut
641 3327 693 3368 arte
709 3326 752 3368 aut
764 3317 845 3386 gloria
859 3317 1034 3370 detraham:'’
1053 3326 1200 3379 tomento„

218 3405 274 3456 loco
295 3403 430 3456 offendunt
448 3401 494 3453 illu
515 3406 581 3463 aut,
606 3401 668 3468 quir
688 3418 742 3451 non
761 3401 829 3453 bene
845 3402 894 3453 sibi
911 3404 1084 3473 respondent:
1107 3412 1200 3464 namsi

220 3490 342 3558 scripturn
356 3486 462 3536 fuisset:
482 3486 530 3550 qai
541 3484 587 3533 aba
600 3488 623 3533 ta
637 3494 680 3534 aut
694 3485 791 3535 tribum
804 3487 846 3538 rel
859 3491 1019 3554 centuriam,
1034 3498 1084 3544 aut
1098 3496 1200 3564 atiqaol

217 3573 382 3641 beneficium,
400 3569 485 3619 autb.
502 3572 549 3618 aut
563 3567 589 3618 b.
604 3582 644 3631 a,
661 3578 728 3619 recte
744 3569 794 3620 sibi
808 3581 1010 3638 opponerentur,
1029 3592 1101 3629 nunc
1116 3584 1198 3651 panio.

216 3656 337 3708 disiunct.
346 3655 415 3704 inter
428 3653 525 3703 tribum
539 3660 565 3702 et
577 3653 721 3702 centuriam
734 3650 840 3703 difficile
854 3654 1008 3721 respondere
1021 3669 1110 3726 potest
1124 3664 1197 3719 alter-

217 3741 338 3801 natirae,
361 3747 419 3787 ente
440 3738 595 3804 beneficium.
641 3739 644 3743 '
667 3735 708 3803 (2)
736 3735 941 3792 llaec'constens
962 3759 1027 3810 quos
1047 3746 1104 3798 vidi
1128 3749 1196 3802 codd.

217 3821 313 3886 lectio,
339 3820 390 3870 nisi
405 3818 475 3888 quod
494 3835 541 3888 pro
560 3818 640 3887 priori
654 3818 765 3871 habeant
777 3821 897 3874 nonnulli
912 3825 1006 3876 babent
1017 3839 1061 3880 aut
1079 3831 1198 3886 baberent

216 3905 322 3974 legunt3
347 3913 373 3954 et
392 3919 460 3953 unus
481 3901 594 3954 Erfurdt.
615 3904 698 3955 omitt.
720 3905 904 3961 nutiaberunt:
929 3910 999 3962 unde
1021 3916 1070 3982 qul
1092 3913 1197 3970 01011,

217 3996 266 4041 aat
281 3990 371 4040 habere
385 3993 488 4056 sperent
498 3985 643 4055 probaverit
657 4004 709 4039 uon
723 3987 813 4042 rideo:
834 3993 1067 4062 quamvis'ednot.:
1088 3999 1136 4054 Sic
1155 4002 1195 4054 cit

218 4073 340 4124 Tumebi.
355 4071 425 4123 ΜΗ.
496 4067 538 4134 (3)
559 4067 600 4120 De
614 4071 671 4124 Patr
684 4069 701 4136 β
714 4070 757 4124 29.
