2820 5572
868 391 903 449 12

392 593 509 653 condus
525 601 569 650 est
584 592 743 669 singularis
755 596 793 653 od
809 597 1003 655 Octauianum
1015 597 1150 676 epistolo5
1173 599 1281 657 tertius
1293 599 1371 659 liber

392 722 483 764 unam
507 702 586 761 hanc
606 703 639 760 de
657 705 802 781 petitione
820 707 987 765 consulatus
1005 707 1147 768 continet.
1187 708 1250 766 Alii
1265 731 1371 770 rursus

390 813 539 874 tabellarii
554 811 737 891 philosophis
752 814 869 893 scriptis
883 816 1059 895 adjecerunt
1076 819 1125 877 vel
1141 818 1315 897 rhetoricis,
1340 831 1371 880 ut

392 944 420 984 v.
440 943 468 1002 g.
488 923 526 983 dc
543 923 579 983 iis
595 923 649 1003 qui
662 923 798 986 additum
811 924 925 986 habent
940 945 1004 988 voc.
1020 930 1095 988 liber
1107 928 1181 1012 licet
1194 938 1338 992 statuere.
1356 969 1371 977 -

391 1035 512 1095 lncuris
520 1029 614 1112 igitur
621 1035 719 1112 potius
729 1036 946 1115 descriptorum
955 1040 1255 1119 causaessevidetur,
1274 1064 1371 1123 qnare

391 1168 481 1208 mco
497 1146 644 1207 tributum
662 1146 767 1223 fuerit,
782 1167 873 1227 quam
891 1148 1016 1227 quidem
1031 1151 1134 1229 opinio
1149 1152 1246 1231 ipsum
1261 1173 1371 1215 revera

391 1280 483 1324 curun
496 1259 784 1335 nominescripsisse.
814 1259 1004 1320 llaecautem
1012 1262 1211 1340 quorumdam
1220 1265 1371 1325 sententis

390 1391 481 1450 quam
499 1390 637 1430 smnus
653 1368 746 1428 refert
754 1366 811 1450 (1):
833 1395 849 1428 »
857 1390 893 1431 ac
910 1371 1000 1433 video
1013 1392 1074 1432 esse
1087 1374 1179 1434 etiem
1192 1374 1247 1454 qui
1259 1383 1371 1453 putent

390 1501 451 1541 non
471 1499 489 1539 a
511 1464 700 1544 cumcro'scd
718 1500 737 1567 e
756 1501 847 1541 mtto
861 1480 921 1541 hoc
939 1483 1117 1562 opusculum
1133 1506 1195 1545 esse
1211 1488 1369 1567 conscrip-

389 1601 467 1667 tum,
495 1597 527 1651 et
553 1590 587 1649 in
608 1588 710 1650 fratris
729 1590 856 1668 gratiam
874 1611 982 1654 cuscrr
999 1594 1121 1655 nominc
1141 1595 1367 1675 divulgatumz'’

388 1705 478 1778 haec,
507 1701 650 1781 inquom,
678 1700 826 1762 sententia
850 1721 955 1762 corum
985 1703 1063 1765 forte
1088 1705 1162 1781 suit,
1191 1708 1246 1787 qui
1274 1729 1370 1788 prava

333 1875 337 1882 .
388 1813 528 1874 codicum
555 1811 750 1891 inscriptione
781 1812 915 1892 decepti,
944 1812 983 1873 de
1009 1814 1074 1874 cius
1099 1816 1266 1878 rationibus
1293 1838 1371 1880 con-

387 1926 537 2000 iecerunt3
567 1930 599 1982 et
621 1921 699 1982 forte
719 1922 754 1980 in
777 1921 900 1983 dicendi
923 1924 1054 2003 ratione,
1079 1926 1175 1988 forma
1196 1929 1370 2007 scriptionis

388 2029 561 2112 διδακτικῇ,
588 2031 623 2092 in
644 2049 736 2097 onum
759 2040 872 2109 sente,
900 2032 1050 2094 honorum
1073 2036 1210 2115 defectu,
1236 2048 1296 2103 cct.
1325 2051 1369 2103 sat

386 2167 535 2227 superque
549 2144 646 2204 multe
659 2143 718 2204 sihi
729 2142 785 2202 visi
801 2151 871 2203 sunt
885 2144 1030 2224 mposisse
1041 2159 1233 2227 argumenta,
1254 2154 1369 2231 quibus

298 2298 301 2301 s
385 2280 485 2324 somno
506 2255 724 2324 sbiudiccrcnt
764 2253 920 2333 Quidquid
941 2257 1000 2331 sitf
1019 2257 1133 2317 nodum
1149 2261 1261 2321 scindit
1277 2284 1367 2342 sane,

386 2367 481 2446 magis
496 2384 588 2444 quam
604 2363 691 2424 solvit
708 2384 862 2440 sumnus,
881 2364 1006 2425 addens:
1024 2387 1178 2447 »quorum
1194 2375 1314 2452 opinio,
1333 2381 1368 2438 ni

386 2478 491 2554 fallor,
520 2474 705 2535 divinatione
732 2473 832 2552 potius
860 2475 991 2553 quadam
1019 2498 1111 2556 quarn
1141 2492 1223 2544 certa
1238 2463 1369 2552 'ratione

385 2588 502 2648 nititur.
549 2585 682 2664 Ideoque
698 2604 760 2644 non
777 2591 821 2643 est
838 2584 877 2643 dc
894 2605 931 2646 eo
947 2606 1128 2668 magnopere
1144 2593 1364 2662 altercandum.

384 2680 459 2760 tiihi
477 2717 547 2759 senc
567 2696 643 2756 libet
656 2694 795 2770 credere,
815 2694 907 2755 huius
922 2696 1019 2757 libelli
1036 2701 1209 2781 scriptorem
1224 2723 1365 2771 monum

384 2813 504 2872 fuisses
545 2809 641 2868 sotius
658 2805 753 2882 igitur
768 2804 860 2881 duco,
880 2809 1027 2869 nonnulle
1043 2811 1173 2890 referre,
1191 2834 1269 2894 quse
1286 2837 1365 2882 con-

384 2923 507 2984 trariom
528 2916 702 2997 opinionem
724 2916 831 3005 tollere
851 2922 976 2997 queant,
1002 2926 1033 2978 et
1045 2928 1231 2999 'argumenta
1250 2930 1364 3005 quihus

386 3053 452 3094 enm
466 3028 651 3091 firmaverint
661 3027 868 3103 dissentientes
878 3029 928 3108 rel
940 3028 1059 3088 finncre
1072 3033 1238 3110 potuerint,
1256 3046 1366 3113 paucis

384 3141 526 3204 refutare.
574 3138 669 3199 Simul
691 3138 735 3199 'de
759 3139 941 3214 studiorum,
969 3138 1180 3202 fnniliarintis
1194 3151 1232 3204 'et
1255 3167 1362 3214 rerum

386 3262 536 3335 patarum
561 3252 641 3311 inter
667 3249 729 3312 duo
754 3250 859 3311 trane
884 3249 1015 3328 ratione,
1043 3251 1089 3312 ed'
1105 3252 1139 3311 id
1163 3264 1280 3336 tempus
1308 3283 1360 3324 us.

387 3384 461 3444 quo,
485 3365 548 3443 qno
568 3361 678 3441 scripta
700 3369 744 3420 est
763 3360 1176 3438 hcec'epistols,·disserendi
1190 3368 1249 3428 erit
1264 3370 1358 3436 loeus,

428 3588 586 3661 Quirinius
604 3603 697 3643 cremo
710 3580 867 3661 (quemvis
882 3584 965 3643 enim
984 3591 1078 3646 rusus
1090 3607 1199 3667 nomen
1216 3610 1284 3652 rcro
1303 3595 1360 3675 ipsi

421 3872 463 3939 (1)
489 3869 635 3922 commem.
663 3871 693 3922 cd
722 3869 752 3938 Q.
773 3869 1105 3936 Cicercncmsnddit.
1138 3879 1247 3931 Cicer.
1278 3880 1360 3952 Opes.

385 3957 414 4006 Τ.
433 3955 560 4007 modis
582 3953 655 4006 llo.
678 3953 768 4009 Vento
788 3954 871 4018 1583,
897 3973 922 4027 p.
938 3957 1005 4022 241,
1025 3969 1049 4010 et
1063 3959 1112 4012 td.
1131 3961 1227 4028 llcgsn.
1242 3965 1362 4032 Epistol.

275 4089 277 4094 ,
385 4039 419 4089 ad
442 4039 473 4100 Q.
488 4039 646 4089 Fratrem
666 4054 688 4088 r.
706 4035 783 4090 1⁷25.
796 4055 822 4106 p.
839 4038 901 4092 2⁴⁷.
1012 4048 1016 4053 '
